2798 3744
1141 100 1192 107 -
1308 75 1358 121 11
1478 98 1530 105 .-

109 200 236 245 modo
255 200 404 243 'locum
433 200 669 256 comparafi
696 214 822 257 posse
855 199 892 242 Φ
922 200 1184 255 284-297);
1216 204 1405 243 attamen
1441 200 1522 242 hoc
1560 199 1652 241 loco
1681 197 1725 240 id
1754 196 1846 239 fieri
1879 199 2008 238 noctu
2036 195 2082 237 in
2108 208 2192 237 uno
2228 194 2399 238 homine
2426 206 2567 250 enque

109 269 204 324 ipsa
242 267 297 312 de
335 281 482 323 causa,
535 268 647 325 quod
676 272 909 312 ceterorum
935 268 1008 311 ille
1047 267 1153 311 deus
1181 268 1325 311 oculos
1369 267 1700 324 adspectumque
1742 265 1876 308 vitare
1917 263 2055 307 vellet.
2114 261 2210 312 Qua
2242 263 2296 306 de
2335 276 2384 307 re
2419 262 2566 307 nescio

110 348 167 379 an
192 335 318 380 aliter
346 336 401 380 sit
428 335 720 391 iudicandum,
751 349 881 393 quum
907 349 1074 380 mecum
1102 340 1252 393 reputo
1279 335 1534 392 rhapsodias
1562 334 1755 391 quintae,
1785 332 1829 376 in
1858 345 1944 389 qua
1971 331 2114 376 media
2140 331 2234 375 luce
2262 331 2344 374 des.
2369 330 2563 376 Minerva

110 404 434 447 familiarissime
463 404 712 461 colloquitur
740 416 835 446 cum
863 403 1095 459 Diomede,
1134 403 1248 447 tertii
1285 402 1435 446 decimi
1470 401 1565 445 libri
1594 401 1836 459 Odysseae,
1884 399 1959 442 ubi
1988 398 2138 442 eadem
2165 397 2359 442 Minerva
2387 411 2484 442 cum
2512 411 2566 442 eo

109 473 222 525 viro,
253 485 378 528 quem
405 476 575 528 praeter
602 484 749 514 omnes
777 471 943 513 videtur
971 472 1204 524 adiuvisse,
1233 471 1364 513 Ulixe
1391 473 1603 523 versatur,
1642 481 1781 525 neque
1810 468 1989 509 multum
2016 470 2121 523 puto
2154 467 2375 520 interesse,
2419 470 2563 509 utrum

111 540 256 583 abiens
286 540 390 583 deus
420 552 476 582 an
505 544 631 582 antea
659 540 823 596 aperiat
852 540 923 596 qui
951 540 1016 583 sit.
1075 539 1136 581 At
1163 539 1276 581 aliud
1305 538 1447 582 nescio
1476 551 1532 580 an
1561 538 1616 580 sit
1644 536 1935 594 urguendum,
1966 534 2080 592 quod
2107 534 2338 578 Mercurius
2367 535 2486 579 addit
2514 548 2562 578 se

110 622 194 651 non
232 609 443 651 aditurum
472 607 527 649 ad
541 607 751 650 Achillem
787 609 870 651 462
900 606 990 649 οὐδ’
1015 605 1198 665 Ἀχιλῆος
1226 609 1237 641 ’1
1265 605 1515 663 ὀφθαλμοὺς
1543 604 1712 660 εἴσειμι·
1746 604 2000 662 νεμεσσητὸν
2035 602 2086 645 δέ
2115 617 2185 644 κεν
2215 602 2280 662 εἴη
2311 606 2324 661 J!
2344 603 2560 646 ἀθάνατον

111 677 212 717 θεὸν
271 675 359 716 ὧδε
400 675 588 730 βροτοὺς
641 674 909 729 ἀγαπαζέμεν
955 675 1096 732 ἄντην.
1182 674 1305 716 Haec
1343 675 1552 717 dicentem
1594 674 1754 729 fingere
1802 673 2057 715 Mercurium
2100 686 2196 714 eum
2249 677 2442 728 poetam,
2489 674 2562 729 qui

110 744 235 786 modo
264 744 416 786 Jovem
444 742 590 785 fecerit
617 743 859 799 loquentem
887 743 942 785 ad
967 742 1245 784 Mercurium:
1275 743 1360 783 334
1389 743 1453 782 σοὶ
1483 741 1567 797 γάρ
1599 756 1643 781 τε
1667 740 1850 794 μάλιστά
1868 755 1916 792 γε
1937 739 2131 795 φίλτατόν
2162 738 2246 779 ἐστι
2266 741 2278 776 1
2302 739 2427 796 ἀνδρὶ
2455 740 2561 781 ἑται-

107 811 271 866 ρίσσαιῑ
329 810 452 852 Haec
490 810 628 853 dicere
670 810 925 853 Mercurium
965 811 1036 867 qui
1087 811 1214 853 modo
1268 810 1527 865 aliquamdiu
1571 809 1732 850 Priami
1770 808 1921 864 auriga
1958 807 2084 849 fuerit
2119 812 2246 863 atque
2282 822 2443 862 comes,
2490 809 2561 865 qui

109 883 260 934 postea
300 878 481 919 eundem
519 883 641 920 nocte
668 879 923 934 intempesta
960 878 1117 920 excitet
1156 882 1198 919 et
1236 891 1371 934 usque
1409 878 1462 919 ad
1491 877 1648 919 vadum
1686 876 1822 918 amnis
1860 875 2053 917 reducat!
2113 874 2309 916 Ceterum
2344 870 2426 917 nisi
2453 877 2561 919 forte

109 947 202 1001 quis
232 947 444 989 contendit
471 960 641 989 versum
669 948 754 989 464
784 960 877 988 esse
907 946 1156 999 delendum,
1186 945 1397 1001 antiquior
1427 945 1603 1002 quilibet
1630 950 1758 1000 poeta
1787 944 2040 986 sententiam
2080 943 2299 986 clausisset
2326 944 2466 987 verbis
2496 960 2558 986 νε-

104 1014 315 1071 μεσσητὸν
346 1013 397 1055 δέ
426 1029 496 1056 κεν
526 1013 603 1071 εἴη.
643 1014 821 1056 Praeter
848 1013 961 1056 hunc
989 1014 1128 1056 locum
1157 1017 1222 1055 ter
1250 1014 1429 1056 occurrit
1457 1013 1572 1069 apud
1592 1012 1851 1060 Homerum,
1881 1017 1927 1054 at
1954 1011 2036 1053 illis
2065 1011 2167 1053 locis
2196 1012 2256 1053 ita
2285 1017 2350 1054 est
2377 1014 2560 1069 positum

108 1086 155 1123 ut
182 1081 470 1138 parenthetice
490 1081 752 1124 adficeretur.
788 1081 851 1123 Cf.
870 1079 912 1122 Γ
926 1080 1006 1123 4ΙΟ
1025 1083 1138 1122 κεῖσε
1158 1080 1310 1133 δ’ἐγὼν
1330 1081 1405 1122 οὐκ
1428 1080 1785 1136 εἶμι-νεμεσσητὸν
1816 1078 1867 1120 δέ
1882 1093 1951 1120 κεν
1972 1077 2056 1135 εἴη·
2085 1120 2086 1132 2
2106 1078 2242 1120 κείνου
2269 1080 2564 1135 πορσανέουσα

108 1148 242 1206 λέχος.
294 1148 334 1190 Ξ
358 1150 441 1191 335
471 1147 546 1189 ούκ
583 1147 633 1189 ἂν
673 1146 810 1202 ἔγωγε
841 1149 933 1190 τεὸν
975 1149 1083 1205 πρὸς
1119 1147 1243 1203 δῶμα
1284 1148 1447 1205 νεοίμην
1487 1149 1498 1203 1
1530 1147 1580 1194 ἐξ
1606 1146 1734 1203 εὐνῆς
1763 1146 1974 1194 ἀνστᾶσα,
2021 1147 2274 1204 νεμεσσητὸν
2305 1147 2357 1189 δέ
2385 1163 2456 1189 κεν
2486 1148 2563 1205 εἴη.

102 1232 135 1274 χ
174 1218 259 1259 488
284 1215 498 1274 μηδόῧτω
524 1216 695 1273 ῥάκεσιν
727 1215 1046 1272 πεπυκασμένος
1080 1215 1238 1272 εὐρέας
1276 1214 1418 1271 ὠμούς
1444 1219 1454 1271 εξ
1485 1213 1629 1256 ἕσταθ’
1668 1214 1728 1256 ἐνὶ
1752 1215 1988 1276 μεγάροισι·
2012 1215 2271 1272 νεμεσσητὸν
2302 1214 2353 1257 δέ
2386 1231 2457 1258 κεν
2486 1215 2564 1274 εἴη.

106 1284 265 1325 Noster
292 1284 637 1325 reminiscebatur
664 1285 775 1325 illius
805 1285 886 1326 loci
917 1298 973 1327 ex
1004 1283 1063 1337 Γ,
1093 1285 1175 1325 nisi
1204 1284 1317 1340 quod
1345 1298 1422 1340 pro
1451 1284 1710 1341 simplicibus
1748 1283 1829 1324 illis
1858 1282 1999 1324 verbis
2028 1284 2140 1323 κεῖσε
2170 1282 2208 1322 δ’
2236 1282 2345 1336 ἐγὼν
2375 1284 2451 1325 οὐκ
2479 1284 2562 1339 εἶμι

108 1352 252 1407 posuit
282 1352 355 1391 illa
383 1352 520 1407 magis
550 1352 772 1392 artificiosa
802 1351 892 1390 οὐδ’
916 1349 1099 1410 Ἀχιλῆος
1128 1350 1377 1407 ὀφθαλμούς
1395 1350 1561 1406 εἴσειμι,
1595 1364 1704 1407 quae
1734 1351 1849 1406 apud
1868 1350 2104 1403 Homerum
2132 1350 2212 1391 nisi
2240 1350 2281 1391 h.
2304 1351 2330 1392 l.
2352 1363 2561 1409 nusquam

109 1420 389 1460 inveniuntur.
423 1444 474 1449 ——
507 1421 589 1460 465
619 1419 724 1472 λάβε
754 1419 937 1472 γούνατα
966 1418 1206 1476 Πηλείωνος
1234 1424 1277 1460 et
1304 1421 1388 1460 478
1410 1420 1561 1475 χερσὶν
1591 1418 1794 1475 Ἀχιλλῆος
1822 1417 1926 1470 λάβε
1956 1417 2139 1470 γούνατα
2168 1418 2234 1457 καὶ
2263 1418 2362 1459 κύσε
2384 1423 2553 1476 χεῖρας.

110 1486 250 1533 Quum
279 1485 491 1528 Homerus
522 1491 664 1528 narrat
692 1487 875 1541 aliquem
904 1487 1137 1542 supplicem
1167 1487 1256 1527 eius
1287 1487 1358 1541 qui
1386 1487 1595 1541 supplicat
1623 1485 1979 1541 comprehendere
2009 1499 2164 1539 genua,
2196 1499 2326 1539 quum
2355 1488 2448 1528 aliis
2477 1490 2558 1529 uti·

108 1557 177 1594 tur
215 1553 375 1606 verbis,
424 1558 472 1595 ut
518 1551 726 1594 ἅπτεσθαι
768 1552 930 1605 γούνων
959 1553 1012 1607 *),
1062 1552 1277 1594 ἕκάνεσθαι
1315 1553 1381 1609 **)
1430 1558 1472 1595 et
1501 1553 1650 1593 ἱκάνειν
1680 1553 1768 1607 ***)
1810 1551 2015 1604 γούνατα,
2046 1550 2261 1592 λίσσεσθαι
2290 1553 2337 1606 †)
2379 1552 2556 1605 γούνων,

108 1620 329 1662 λιτανεύειν
358 1622 434 1676 fi)
465 1620 628 1674 γούνων
657 1626 748 1663 tum
777 1621 1021 1678 saepissime
1054 1621 1098 1663 in
1127 1635 1179 1664 ea
1206 1635 1253 1663 re
1281 1625 1457 1678 usurpat
1485 1619 1661 1663 verbum
1691 1619 1915 1675 λαμβάνειν
1945 1623 2073 1676 atque
2101 1619 2161 1660 ita
2196 1620 2378 1676 quidem,
2409 1625 2457 1664 ut
2485 1627 2559 1664 aut

109 1691 162 1731 sit
192 1690 459 1732 coniunctum
493 1704 588 1731 cum
616 1688 833 1730 λίσσεσθαι
870 1694 943 1730 aut
990 1690 1080 1731 sine
1119 1704 1170 1731 eo
1206 1689 1336 1730 verbo
1380 1689 1433 1730 sit
1468 1690 1664 1745 positum.
1725 1689 1769 1730 Si
1800 1688 2043 1730 adiunctum
2073 1692 2137 1729 est
2164 1687 2399 1742 λίσσεσθαι,
2430 1689 2561 1731 habet

108 1757 321 1800 Homerus
350 1757 618 1814 participium
647 1757 763 1800 verbi
792 1756 1016 1811 λαμβάνειν
1032 1789 1043 1811 ,
1074 1758 1253 1799 formam
1281 1757 1443 1799 finitam
1472 1756 1589 1799 verbi
1619 1756 1846 1797 λίσσεσθαι.
1908 1756 1971 1799 Of,
2001 1756 2078 1798 hos
2115 1757 2228 1798 locos
2259 1756 2300 1797 Z
2325 1758 2379 1798 45
2413 1757 2557 1810 λαβὼν

110 1823 316 1865 ἐλλίσσετο
346 1824 531 1878 γούνων,
572 1825 601 1872 ζ
626 1826 718 1866 142.
761 1823 966 1881 ἢγούνων
995 1824 1172 1864 λίσσοιτο
1201 1824 1345 1877 λαβὼν
1376 1823 1562 1864 εὐώπιδα
1592 1823 1769 1880 κούρην,
1800 1840 1823 1863 κ
1857 1826 1941 1865 264
1970 1822 2114 1876 λαβὼν
2145 1823 2351 1864 ἐλλίσσετο
2382 1824 2559 1876 γούνων.

110 1892 206 1941 Qua
235 1893 278 1934 in
307 1906 354 1934 re
383 1892 487 1934 nihil
516 1893 667 1934 attinet
696 1906 918 1948 quaerere,
949 1906 1004 1933 ex
1033 1896 1128 1933 utro
1158 1891 1287 1934 verbo
1315 1892 1500 1947 pendeat
1528 1893 1761 1947 genetivus.
1822 1891 2002 1947 Saepius
2033 1896 2175 1932 autem
2204 1892 2440 1934 invenimus
2469 1907 2563 1934 ver·

108 1960 211 2001 bum
239 1958 466 2013 λαμβάνειν
494 1960 611 2001 ιιιιΠο
640 1959 722 2001 alio
761 1959 976 2013 adiuncto,
1018 1963 1063 2001 at
1090 1973 1300 2015 nusquam
1328 1972 1414 2001 non
1443 1960 1710 2001 coniunctum
1740 1972 1834 2001 cum
1863 1959 2060 2013 genetivo
2091 1957 2266 2010 γούνων.
2307 1961 2358 2001 cl.
2390 1960 2434 2001 A
2462 1962 2561 2002 407.

109 2028 207 2068 500.
249 2028 356 2079 557,
391 2025 427 2067 Φ
456 2028 534 2080 68,
575 2042 598 2067 κ
627 2028 730 2080 323,
776 2041 808 2083 χ
837 2027 935 2068 310.
965 2027 1062 2068 342.
1093 2028 1189 2068 365.
1247 2026 1290 2068 A
1320 2040 1403 2082 quo
1432 2040 1512 2068 usu
1542 2032 1800 2083 quantopere
1831 2026 1914 2068 duo
1943 2026 2013 2067 isti
2042 2026 2141 2079 loci,
2174 2039 2278 2082 quos
2308 2040 2437 2083 supra
2464 2041 2562 2084 pro-

108 2095 250 2151 posui,
280 2094 535 2136 abhorreant
564 2099 714 2151 sponte
742 2098 934 2151 apparet.

313 2175 394 2215 467
445 2173 510 2213 ἵνα
541 2174 578 2213 οἱ
607 2173 682 2213 σὺν
712 2171 847 2227 θυμὸν
878 2173 1033 2229 ὀρίνῃς.
1064 2173 1368 2215 obversabatur
1424 2174 1463 2214 P
1492 2175 1567 2215 123
1600 2173 1738 2214 Αἴαντι
1769 2172 1818 2212 δὲ
1849 2172 2049 2228 δαΐφρονι
2081 2173 2215 2227 θυμὸν
2246 2172 2374 2228 ὄρινε.

311 2252 410 2295 Jam
438 2266 537 2295 vero
574 2253 762 2309 sequitur
790 2252 914 2294 huius
952 2252 1205 2308 rhapsodiae
1234 2266 1334 2308 pars
1363 2253 1489 2307 longe
1518 2252 1825 2308 pulcherrima,
1859 2266 1944 2308 qua
1972 2252 2133 2294 Priami
2171 2266 2267 2294 cum
2294 2252 2460 2295 Achille
2489 2254 2562 2295 de-

111 2321 304 2363 scribitur
333 2334 595 2375 congressus.
654 2320 847 2362 Priamus
878 2320 990 2362 enim
1019 2319 1093 2361 ubi
1122 2324 1164 2362 et
1193 2320 1285 2375 ipse
1314 2320 1367 2362 de
1398 2334 1519 2361 curru
1550 2320 1735 2372 desiluit,
1766 2320 1898 2362 ldaeo
1929 2320 2030 2362 foris
2060 2321 2202 2363 relicto
2230 2321 2360 2362 intrat
2389 2322 2562 2363 domum

110 2389 310 2443 Achillis,
350 2403 475 2445 quem
503 2389 662 2431 invenit
691 2389 803 2430 intus
834 2403 930 2430 cum
959 2388 1123 2431 duobus
1154 2389 1395 2442 comitibus,
1433 2403 1459 2429 a
1489 2389 1640 2445 quibus
1670 2403 1754 2430 non
1785 2394 2035 2445 conspectus
2064 2389 2241 2431 Achillis
2280 2404 2422 2446 genua
2451 2404 2563 2432 com·

111 2458 324 2516 plectitur,
355 2458 623 2500 exosculatur
650 2471 801 2499 manus
832 2470 1011 2514 eumque
1039 2470 1115 2514 per
1146 2457 1247 2499 deos
1276 2457 1491 2514 ipsiusque
1519 2461 1685 2515 patrem
1715 2457 1931 2511 obsecrat,
1961 2461 2009 2499 ut
2036 2471 2193 2514 magno
2222 2458 2359 2515 pretio
2389 2463 2562 2516 accepto

110 2527 308 2569 Hectoris
337 2527 462 2568 occisi
491 2539 641 2582 corpus
670 2526 831 2568 reddat.
905 2526 1046 2567 Patris
1077 2526 1472 2568 commemoratione
1504 2539 1632 2582 quum
1660 2526 1848 2568 Achilles
1881 2539 2048 2583 quoque
2078 2526 2364 2569 misericordia
2393 2527 2449 2569 sit
2476 2540 2565 2570 mo—

112 2600 200 2649 tus,
244 2599 422 2651 uterque
451 2595 523 2636 flet
552 2590 743 2637 Tandem
782 2594 855 2636 ubi
885 2594 1019 2637 dolori
1059 2594 1160 2636 satis
1190 2598 1254 2637 est
1281 2594 1461 2648 factum,
1510 2594 1698 2636 Achilles
1738 2594 1862 2649 erigit
1891 2607 2035 2637 senem
2075 2598 2119 2636 et
2147 2594 2378 2637 admiratus
2414 2595 2568 2638 fortem

113 2665 201 2705 eius
232 2664 420 2705 animum
450 2662 638 2705 oblivisci
666 2662 784 2705 iubet
813 2663 1083 2716 calamitatis,
1123 2676 1224 2704 nam
1253 2663 1452 2705 divinitus
1482 2662 1721 2704 hominibus
1753 2663 1999 2718 contingere
2028 2663 2213 2717 dolores3
2251 2663 2365 2720 ipsos
2396 2664 2567 2720 quidem

113 2732 215 2773 deos
244 2731 449 2773 malorum
479 2744 572 2773 esse
602 2734 810 2788 expertes.
868 2730 938 2772 Ex
968 2730 1132 2773 duobus
1163 2731 1283 2773 doliis
1322 2731 1529 2772 bonorum
1567 2734 1693 2787 atque
1730 2730 1938 2772 malorum
1978 2730 2007 2773 J
2010 2744 2133 2773 ovem
2169 2730 2355 2774 tribuere
2382 2730 2564 2774 homini-

112 2801 191 2840 bus
232 2815 351 2840 suam
393 2801 544 2854 cuique
589 2805 758 2840 sortem.
822 2800 998 2840 Peleum
1028 2813 1207 2856 ¹quoque
1236 2814 1261 2839 a
1291 2800 1355 2840 dis
1384 2801 1551 2855 magnis
1592 2804 1785 2839 ornatum
1815 2813 1909 2839 esse
1938 2800 2173 2852 beneficiis,
2205 2801 2278 2841 sed
2312 2801 2470 2841 malum
2500 2814 2568 2840 ac-

158 2972 193 3015 *)
233 2970 260 3006 Α
285 2973 370 3013 512,
424 2970 450 3005 ο
475 2972 535 3014 76,
590 2970 722 3014 Υ468,
776 2968 803 3004 Φ
827 2973 893 3010 65,
945 2971 975 3005 Ω
998 2973 1084 3013 367,
1135 2974 1157 3011 ς
1178 2974 1260 3013 169,
1305 2984 1331 3018 χ
1357 2973 1435 3004 339.

136 3029 191 3070 **)
242 3027 272 3061 Σ
291 3030 377 3070 457,
425 3040 449 3073 γ
471 3029 533 3067 92,
583 3028 607 3059 δ
627 3029 704 3060 322.

113 3084 190 3127 ***)
237 3097 256 3118 ε
279 3086 366 3127 449,
413 3098 436 3130 η
461 3085 544 3123 147,
596 3097 612 3116 ν
637 3085 715 3116 231.

158 3142 197 3185 †)
246 3139 267 3175 Ι
284 3139 372 3184 451,
427 3138 456 3175 Φ
479 3142 541 3183 71,
585 3153 611 3187 χ
637 3141 716 3175 337.

136 3199 201 3242 ††)
249 3211 268 3232 ι
292 3199 371 3234 481.
