2798 3744
144 183 280 226 tendit
321 183 539 227 verissime
580 184 635 239 ¹⁸²).
691 185 752 227 At
794 197 898 226 num
939 182 1038 227 ideo
1076 183 1148 227 hic
1177 197 1324 227 versus
1354 187 1420 226 est
1445 184 1522 228 ton
1605 185 1690 228 us?
1738 189 1802 227 tot
1827 184 1954 226 rebus
1981 185 2028 226 in
2053 184 2137 226 hac
2161 184 2389 241 rhapsodia
2416 185 2590 230 offendi·

145 263 263 302 mur,
311 255 359 291 ut
395 264 468 292 eas
503 264 649 293 omnes
685 250 945 293 athetesibus
982 251 1075 292 istis
1114 264 1333 293 removere
1362 250 1499 294 levius
1600 265 1656 295 ue
1684 251 1886 294 audacius
1913 264 2008 293 esse
2045 250 2245 293 videamr.
2300 251 2400 294 Huc
2426 253 2588 296 accedit

145 316 260 374 quod
286 331 327 361 v.
348 318 432 361 632
460 317 600 361 deleto
628 318 888 361 concinnitas
916 317 1002 372 illa,
1019 330 1149 375 quam
1171 317 1253 361 hoc
1279 317 1372 362 loco
1401 317 1548 375 quaesi
1808 317 2103 373 exstinguitur,
2131 329 2233 359 nam
2261 330 2391 373 quum
2417 331 2589 360 cauam

143 384 374 428 addidisset
387 416 399 438 ,
428 398 503 427 cur
531 384 729 427 Priamus
757 386 1036 428 admiraretur
1053 386 1265 428 Achillem
1282 416 1294 439 ,
1324 399 1410 427 non
1437 390 1586 442 potera
1663 390 1851 428 oiiveam
1879 398 2048 441 quoque
2075 385 2262 440 proferre
2289 398 2475 438 causam,
2504 399 2591 441 qua

143 453 319 495 Achillis
348 456 602 495 excitaretur
629 453 862 495 admiratio.
921 452 1018 501 Qua
1047 453 1218 508 quidem
1246 453 1291 493 in
1319 466 1385 506 re,
1429 458 1476 494 ut
1511 466 1681 555 vequm
1717 453 1907 509 expleret
1934 453 2076 508 inepte
2114 452 2266 508 adjecit
2293 452 2425 495 verba
2448 451 2589 507 μῦθον

144 521 321 564 ἀκούων.
353 520 416 564 Of.
445 520 480 574 β
507 521 591 562 314
619 521 686 561 καὶ
716 518 849 561 ἄλλων
874 520 1013 575 μῦῦον
1051 519 1234 564 ἀκούων.

348 612 584 655 643-676.
643 611 830 654 Achilles
878 611 1013 654 socios
1066 615 1193 668 atque
1224 611 1397 654 ancillas
1426 612 1544 654 iubet
1571 612 1725 654 lectum
1764 625 1915 669 parare
1945 615 2072 667 atque
2106 624 2184 666 per
2220 610 2357 652 iocum
2391 612 2588 654 admonet

143 694 309 734 senem,
340 685 388 722 ut
415 683 537 723 extra
564 680 791 722 tentorium
817 679 1037 722 recumbat
1051 711 1063 733 ,
1084 692 1139 721 ne
1160 693 1186 721 a
1213 679 1471 736 principibus
1490 679 1772 733 Achivorum,
1794 680 1865 735 qui
1895 678 2157 721 consultandi
2186 691 2315 720 causa
2352 692 2443 721 sese
2471 679 2588 721 adire

142 749 324 805 soleant,
353 748 602 791 inveniatur.
661 746 836 796 Quaerit
864 746 1017 790 deinde
1051 760 1107 789 ex
1136 760 1209 800 ec,
1254 752 1356 802 quot
1384 747 1473 789 dies
1502 748 1548 789 in
1575 747 1774 789 Hectoris
1811 747 2073 803 sepulturam
2099 747 2311 789 insumere
2348 746 2459 788 velit.
2517 748 2587 790 Ad

143 829 270 872 quam
297 828 388 856 rem
418 828 546 870 quum
574 815 644 857 ille
672 815 869 856 undecim
897 815 987 856 dies
1023 821 1129 870 opus
1159 828 1252 856 esse
1282 813 1557 868 affirmasset,
1589 815 1643 856 ab
1672 815 1839 857 Achille
1871 814 2067 861 undecim
2095 814 2258 856 dierum
2288 814 2439 869 accipit
2466 815 2585 857 indu-

142 884 240 924 cias.
301 881 395 930 Quo
423 882 533 924 facto
561 883 728 937 utrique
756 881 942 923 cubitum
971 887 1091 923 eunt.

345 961 484 1021 Quam
511 986 708 1028 perverse
737 973 808 1028 qui
844 976 1076 1028 sequuntur
1120 985 1266 1013 versus
1314 972 1482 1014 aliunde
1525 978 1666 1013 essent
1694 972 1882 1027 repetiti,
1929 986 2057 1027 quam
2105 986 2188 1014 non
2236 971 2492 1028 quadrarent
2534 973 2590 1015 ad

140 1039 316 1083 Achillis
344 1040 571 1083 tentorium
599 1038 780 1081 αἴθουσα
811 1041 918 1091 644,
946 1040 1143 1095 μέγαρον
1173 1041 1279 1094 647,
1313 1038 1530 1096 πρόδομος
1559 1038 1691 1094 δόμου
1723 1040 1821 1087 673,
1853 1039 1906 1081 de
1935 1053 1987 1080 ea
2015 1053 2063 1081 re
2091 1039 2193 1080 satis
2223 1053 2434 1095 superque
2463 1053 2590 1096 supra

139 1121 208 1151 me
237 1107 475 1164 disputasse
504 1107 700 1151 arbitror.

343 1197 396 1241 V.
429 1199 511 1240 649
540 1200 709 1241 nomine
737 1202 903 1240 tantum
930 1203 1092 1241 mutato
1125 1178 1313 1240 invenies
1343 1196 1389 1239 II
1414 1199 1517 1252 744,
1542 1212 1574 1254 χ
1597 1200 1691 1250 194,
1720 1206 1899 1253 utroque
1928 1203 2071 1240 autem
2099 1199 2189 1240 loco
2219 1199 2471 1241 vocabulum
2500 1200 2583 1241 ἐπτ-

138 1265 380 1321 κερτομέων
423 1266 554 1308 multo
602 1266 743 1322 aptius
782 1278 876 1307 esse
912 1266 1121 1321 positum,
1171 1265 1408 1321 quicunque
1445 1266 1592 1307 leviter
1620 1265 1911 1307 tantummodo
1941 1265 2034 1306 illos
2063 1266 2177 1307 locos
2211 1280 2304 1307 cum
2332 1267 2413 1309 hoc
2441 1278 2586 1310 contu-

138 1333 254 1386 lerit,
297 1346 393 1375 mea
423 1333 592 1389 quidem
621 1333 830 1375 sententia
858 1333 981 1374 facile
1018 1333 1233 1374 concedet.
1263 1333 1326 1386 **)
1384 1333 1531 1374 Altero
1568 1333 1680 1373 enim
1709 1333 1802 1373 loco
1846 1332 2114 1374 acerbissime
2150 1333 2325 1375 irridens
2362 1334 2583 1378 Patroclus

55 1427 59 1431 ‹
138 1400 363 1456 alloquitur
392 1400 663 1453 Oebrionem,
713 1414 838 1455 quem
874 1400 999 1442 modo
1028 1400 1315 1452 interfecerat,
1346 1400 1477 1442 altero
1506 1399 1722 1441 Eumaeus
1751 1404 1897 1455 pastor
1934 1400 2004 1442 ille
2032 1399 2297 1443 fidelissimus
2325 1400 2571 1456 Melanthio,

139 1468 211 1524 qui
248 1468 533 1510 crudelissimo
570 1468 780 1523 supplicio
806 1474 897 1509 erat
925 1467 1098 1510 affectus
1113 1500 1124 1521 ,
1160 1467 1429 1510 conviciatur.
1488 1467 1609 1517 Quae
1638 1481 1737 1510 vero
1766 1477 1915 1524 postea
1942 1467 2130 1510 Achilles
2159 1468 2259 1510 dicit
2285 1468 2479 1525 Priamo,
2527 1472 2578 1513 iis

137 1550 223 1577 non
251 1536 516 1578 mediocriter
544 1535 751 1589 offendor3
790 1534 911 1581 ἐκτὸς
938 1536 1091 1578 cubare
1120 1536 1289 1578 iubetur
1324 1535 1542 1589 Priamus,
1588 1549 1642 1578 ne
1670 1536 1883 1592 principes
1912 1535 2196 1589 Achivorum,
2241 1537 2312 1593 qui
2340 1551 2507 1596 semper
2535 1548 2581 1582 ut

138 1618 216 1658 par
244 1609 356 1646 esset
386 1603 559 1646 consilia
586 1603 728 1645 inituri
756 1603 812 1646 ad
848 1603 1059 1646 Achillem
1087 1604 1281 1657 adirent,
1314 1617 1459 1646 senem
1487 1604 1888 1657 animadverterent,
1919 1617 2027 1646 neve
2056 1618 2102 1646 re
2131 1605 2187 1646 ad
2215 1605 2580 1661 Agamemnonem

137 1671 278 1713 delata
304 1665 501 1713 Hectoris
529 1671 732 1714 redemtio
761 1670 1010 1714 differretur.
1068 1672 1213 1727 Atque
1248 1672 1433 1727 primum
1462 1671 1632 1728 quidem
1661 1684 1764 1713 num
1794 1671 1993 1713 credibile
2021 1677 2086 1714 est
2121 1678 2164 1714 et
2192 1673 2415 1716 verisimile
2452 1687 2578 1718 noctu

136 1743 334 1781 venturos
362 1736 491 1780 fuisse
520 1737 647 1781 duces
675 1737 935 1781 Achivorum
963 1738 1019 1780 ad
1050 1739 1378 1781 consultandum
1407 1738 1461 1779 ad
1491 1739 1702 1779 Achillem
1731 1740 1858 1794 idque
1886 1739 2072 1779 Hectore
2101 1741 2265 1780 occiso?
2293 1755 2394 1781 num
2423 1744 2570 1784 timen-

136 1805 238 1848 dum
267 1810 370 1859 erat,
399 1818 454 1848 ne
483 1805 628 1859 Troes,
659 1806 816 1862 quippe
846 1805 918 1861 qui
944 1805 1150 1858 Hectore,
1179 1806 1411 1847 fortissimo
1440 1807 1543 1858 viro,
1573 1807 1782 1847 trucidato
1812 1807 1963 1846 animis
1993 1807 2269 1848 concidissent
2297 1809 2577 1863 vehementer,

135 1874 245 1915 ultro
273 1873 431 1915 bellum
458 1873 823 1928 redintegrarent?
853 1873 1005 1915 deinde
1033 1878 1080 1914 ut
1109 1874 1280 1915 veniant
1311 1873 1523 1928 principes
1552 1873 1612 1915 illi
1640 1873 1923 1926 Achivorum,
1955 1874 2056 1928 quid
2083 1874 2204 1917 timet
2231 1876 2479 1919 fortissimus
2509 1879 2577 1921 ille

135 1940 321 1984 Achilles
351 1941 404 1985 de
432 1940 628 1998 hospite?
674 1954 803 1998 quum
830 1941 1079 1998 praesertim
1106 1941 1199 1997 ipse
1226 1953 1304 1997 per
1335 1953 1382 1982 se
1412 1953 1466 1981 ne
1496 1941 1684 1982 consulto
1714 1941 1884 1996 quidem
1920 1955 2084 1982 summo
2113 1942 2219 1983 duce
2247 1943 2567 1998 Agamemnone

135 2009 237 2052 satis
265 2009 493 2052 multorum
521 2008 682 2052 dierum
711 2008 861 2052 offerat
888 2014 1015 2065 atque
1045 2009 1249 2050 concedat
1275 2008 1494 2048 inducias?
1522 2008 1677 2048 Nonne
1706 2010 1797 2063 ipse
1814 2010 2082 2063 Agamemno
2112 2025 2188 2050 rex
2206 2011 2276 2051 ille
2303 2026 2465 2065 regum,
2496 2015 2567 2067 qui

134 2082 197 2122 tot
225 2078 352 2122 duces
379 2076 659 2120 nobilissimos
689 2078 1002 2134 exercitumque
1030 2077 1267 2118 maximum
1298 2077 1447 2131 coegit,
1478 2077 1513 2115 si
1544 2090 1628 2130 qua
1658 2078 1710 2117 de
1740 2091 1786 2116 re
1815 2078 2013 2131 graviore
2042 2079 2193 2132 agitur,
2214 2079 2449 2134 principum
2480 2096 2578 2123 con-

133 2148 272 2190 silium
299 2147 406 2189 solet
434 2148 694 2188 convocare?
723 2169 779 2176 —
807 2146 861 2187 V.
892 2148 975 2187 653
1004 2147 1049 2187 id
1078 2146 1190 2201 quod
1220 2146 1393 2200 saepius
1422 2145 1467 2184 in
1496 2145 1577 2185 hac
1605 2145 1834 2200 rhapsodia
1862 2146 2022 2188 factum
2052 2152 2128 2199 est,
2145 2147 2231 2189 iam
2259 2162 2387 2203 supra
2415 2149 2577 2193 inveni·

134 2229 228 2258 mus
257 2216 340 2257 366
369 2214 533 2270 ibique,
562 2219 609 2255 ut
636 2214 740 2256 mihi
769 2214 939 2270 quidem
968 2214 1154 2268 videtur,
1202 2213 1335 2255 multo
1375 2213 1516 2268 aptius
1547 2222 1610 2254 est
1639 2213 1821 2268 positus,
1871 2219 2103 2269 sequuntur
2145 2215 2256 2257 enim
2284 2215 2414 2259 verba
2445 2216 2577 2259 τόσσα

134 2282 172 2325 δ’
173 2286 321 2325 ὀνείατ’
351 2283 520 2337 ἄγοντα.
579 2281 777 2324 Ceterum
820 2282 893 2323 illa
936 2282 1067 2325 verba
1095 2281 1201 2337 θοὴν
1232 2281 1301 2322 διὰ
1332 2281 1456 2323 νύκτα
1479 2281 1680 2336 μέλαιναν
1709 2281 1866 2336 {melius
1896 2296 1989 2325 sese
2018 2282 2197 2326 arbitror
2223 2282 2381 2328 habere
2409 2284 2453 2327 K
2475 2287 2575 2328 394.

133 2355 216 2395 468
245 2352 360 2392 ἰόντα
390 2350 535 2406 (ἰόντε)
565 2350 671 2406 θοὴν
702 2349 770 2390 διὰ
801 2349 925 2391 νύκτα
948 2349 1164 2404 μέλαιναν.

336 2444 416 2484 557
450 2445 686 2497 ποσσῆμαρ.
746 2442 807 2483 At
843 2455 981 2496 neque
1011 2440 1144 2485 πόσος
1170 2453 1307 2496 neque
1337 2440 1496 2487 πόστος
1523 2446 1587 2482 est
1616 2440 1729 2496 apud
1758 2440 2008 2483 Homerum.
2065 2441 2231 2498 Nempe
2261 2442 2414 2484 πόστον
2444 2453 2512 2487 est
2542 2463 2578 2487 ω

133 2513 236 2565 287,
267 2511 320 2553 de
349 2523 433 2566 qua
460 2508 688 2566 rhapsodia
717 2508 817 2565 quid
847 2509 901 2549 sit
929 2508 1221 2560 statuendum,
1252 2508 1460 2563 copiosius
1490 2508 1696 2550 disserere
1725 2508 1798 2549 vix
1827 2522 1933 2563 opus
1963 2522 2056 2551 esse
2084 2509 2286 2552 videatur.
2315 2510 2384 2554 Ne
2414 2512 2576 2557 ὁπόσος

133 2579 301 2636 quidem
330 2592 459 2634 saepe
488 2583 552 2620 est
579 2582 847 2633 usurpatum,
886 2577 928 2617 Ψ
948 2578 1031 2619 238
1062 2595 1117 2613 =
1147 2574 1185 2617 Ω
1213 2577 1314 2629 792,
1345 2573 1384 2617 Ω
1412 2577 1459 2629 7,
1491 2575 1518 2623 ξ
1546 2577 1622 2630 74,
1647 2591 1681 2632 χ
1711 2577 1809 2619 220.

335 2668 416 2712 Vv.
438 2670 660 2711 671—676
689 2681 783 2710 esse
812 2672 1031 2710 centonem
1059 2668 1318 2710 homericum
1346 2680 1483 2723 neque
1512 2669 1739 2727 convenire·
1763 2668 1818 2708 ad
1842 2668 2020 2710 Achillis
2048 2670 2273 2711 tentorium
2301 2671 2426 2714 facile
2446 2687 2580 2729 appa-

131 2744 223 2794 ret,
253 2739 335 2780 675
365 2742 407 2780 et
436 2738 519 2780 676
547 2729 634 2779 iam
661 2737 858 2792 leguntur
885 2736 1016 2780 1663.
1033 2737 1138 2789 664,
1168 2740 1467 2792 praeterquam
1497 2735 1609 2791 quod
1637 2749 1714 2790 pro
1744 2735 1920 2778 muliere
1936 2735 2114 2786 Lesbia,
2146 2738 2262 2780 cuius
2290 2738 2351 2781 ibi
2379 2738 2427 2782 fit
2455 2754 2570 2784 men·

131 2809 213 2861 tio,
259 2806 330 2849 hic
356 2806 536 2860 Briseis,
586 2818 695 2861 quae
722 2806 809 2847 iam
836 2804 993 2847 Achilli
1021 2803 1190 2846 reddita
1218 2808 1322 2858 erat,
1351 2797 1604 2846 nominatur.
1663 2802 1865 2847 Fortasse
1902 2803 1973 2848 hic
2000 2811 2127 2862 poeta
2155 2806 2359 2863 querelis,
2390 2821 2496 2865 quas
2523 2809 2577 2852 de

130 2875 315 2919 Patrocli
351 2887 455 2917 nece
491 2873 631 2916 fundit
663 2872 823 2916 Briseis
859 2872 893 2920 T
915 2873 1140 2916 297-299
1171 2872 1380 2915 adductus
1410 2876 1494 2926 est,
1541 2877 1588 2913 ut
1615 2871 1657 2913 h.
1687 2871 1714 2913 1.
1745 2885 1842 2914 eam
1869 2873 2026 2917 Achilli
2054 2875 2133 2917 tori
2161 2875 2412 2932 participem
2440 2877 2570 2920 daret.

132 2944 276 2995 Quid?
324 2944 359 2985 si
388 2956 533 2994 anes
561 2942 621 2986 illi
649 2942 825 2986 heroum
853 2941 1114 2985 Achivorum
1142 2946 1186 2984 et
1213 2940 1437 2984 mulierum
1466 2941 1727 2998 captivarum
1756 2954 1923 2984 amores
1951 2943 2008 2985 ad
2037 2943 2238 3000 cyclicam
2267 2949 2451 2987 aetatem
2478 2952 2578 2988 sunt

178 3106 214 3148 ¹⁸²)
261 3117 295 3149 p.
321 3108 402 3139 418.

154 3175 213 3218 ⁸¹⁴⁸)
260 3175 401 3219 Kfichly
426 3187 460 3218 p.
489 3179 508 3208 8
536 3177 621 3217 „mit
644 3177 858 3210 harmlosem
883 3176 1027 3220 Spott“?
