2798 3744
162 228 341 274 cessisse
370 227 429 272 ad
457 226 591 279 bona„
621 225 760 272 filium.
782 225 901 273 brevi
931 226 1049 273 vitae
1071 226 1209 283 spatio
1238 226 1478 284 praedimm
1505 238 1687 282 eumque
1716 224 1949 277 wentam.
1988 224 2060 270 Sic
2077 225 2304 277 Priamum,
2326 240 2491 286 qnoqup
2508 228 2625 279 ssllm

161 295 292 341 fuisse
320 294 583 340 fortunatum
611 292 766 337 divitiis
796 296 924 350 atque
952 292 1072 347 filiis,
1120 293 1207 336 iam
1242 308 1341 338 vero
1377 294 1533 337 circum
1575 291 1742 343 moenia
1777 295 2005 348 perpetuas
2041 306 2145 337 esse.
2163 306 2337 349 pugnas,
2368 299 2497 352 atque
2526 309 2619 346 cae-

159 363 250 407 des.
291 362 353 406 At
382 361 609 406 sustineret
628 361 834 415 dolorem,
865 373 996 418 quum
1024 360 1156 404 filium
1185 361 1241 405 ab
1270 361 1414 414 inferis
1443 362 1630 406 excitare
1656 374 1742 405 non
1770 363 1926 417 posset.
1971 359 2051 412 Oui
2079 373 2209 417 quum
2239 359 2427 407 breviter·
2446 377 2620 421 respon-

166 431 299 478 disset
326 431 525 474 Priamus
554 444 601 473 se
631 433 859 486 antequam
889 429 1145 484 consideret,
1189 430 1320 473 filium
1357 444 1511 487 cupere
1540 429 1706 482 videre,
1754 429 1841 471 iam
1880 428 2063 472 ostendit
2090 428 2278 473 Achilles
2315 443 2363 473 se
2390 429 2620 481 Hectorem

167 499 331 542 solvere
360 511 454 541 esse
483 501 700 555 paratum,
730 497 774 539 id
805 501 851 540 ut
879 497 1037 540 faceret
1066 511 1093 540 a
1121 503 1279 552 matre,
1309 511 1418 555 quae
1448 497 1624 545 deorum
1652 497 1770 540 iussu
1798 497 2003 551 venisset,
2042 496 2122 540 sibi
2151 510 2245 541 esse
2272 497 2529 547 mandatum,
2546 513 2619 547 ne-

160 580 246 623 que
275 566 496 610 Priamum
524 566 665 623 ipsum
706 565 797 607 sine
838 565 996 608 auxilio
1039 565 1181 609 divino
1220 567 1262 608 in
1301 571 1440 609 castra
1468 565 1728 609 Achivorum
1756 569 1979 608 venturum
2022 565 2164 609 fuisse.
2217 565 2442 609 Desineret
2476 570 2619 611 autem

164 635 297 690 ipsius
327 634 518 677 animum
547 634 732 687 irritare,
769 647 825 677 ne
853 633 1033 689 supplici
1062 647 1236 676 manum
1263 633 1432 677 afferret
1460 635 1700 678 470—570.

369 704 449 745 471
513 702 581 746 De
610 701 785 744 aedibus
815 702 901 744 iam
930 716 1059 757 supra
1089 707 1154 745 est
1184 702 1457 757 disputatum.
1518 702 1614 744 Una
1654 715 1750 744 cum
1787 702 1953 744 Achille
1990 707 2088 744 sunt
2123 703 2168 744 in
2196 702 2322 744 domo
2355 705 2481 757 atque
2510 701 2618 742 adeo

166 773 211 816 in
241 770 423 820 tentorio
443 770 716 814 Automedon
745 773 787 814 et
806 769 1018 823 Alcimus,
1050 769 1159 812 infra
1189 785 1354 826 quoque
1384 786 1422 812 v.
1454 771 1538 813 574
1566 770 1718 813 iterum
1746 769 1973 823 nominati3
2002 773 2222 825 praeterea
2241 773 2619 812 commemorantur

170 842 202 884 Τ
226 841 334 893 392,
364 838 439 882 ubi
469 852 599 895 equos
629 837 685 881 ad
715 851 882 880 currum
911 837 1105 893 iungunt.
1163 839 1306 894 Atque
1335 837 1659 880 Automedontis
1700 837 1870 892 quidem
1899 837 1991 879 aliis
2022 851 2189 893 quoque
2216 837 2362 880 Iliadis
2392 836 2495 880 locis
2523 836 2618 892 plus

159 908 296 954 semel
324 908 372 950 fit
401 907 561 950 mentio
598 905 711 950 velut
749 904 772 947 Ι
802 906 898 948 209.
959 905 1118 949 Contra
1154 905 1306 949 Alcimi
1345 905 1435 948 loco
1475 904 1519 947 in
1555 904 1777 948 Patroclea
1812 904 2050 947 invenimus
2086 904 2424 949 Alcimedontem
2454 902 2498 945 II
2524 904 2617 946 197,

166 979 203 1020 l’
215 979 313 1021 467.
334 977 431 1018 475.
448 977 546 1017 481.
567 975 664 1027 500,
684 973 855 1015 Laercis
875 972 1020 1026 filium,
1042 974 1115 1029 qui
1139 974 1308 1030 quintae
1327 972 1640 1030 Myrmidonum
1655 971 1816 1015 cohorti
1834 971 2087 1029 praeficitur,
2116 972 2188 1029 qui
2206 971 2546 1017 Automedonten
2563 970 2618 1014 de

164 1045 351 1088 Patrocli
380 1055 484 1085 nece
514 1041 614 1083 facit
653 1041 892 1092 certiorem,
943 1041 1014 1096 qui
1053 1042 1109 1082 ab
1138 1041 1452 1083 Automedonte
1480 1040 1646 1082 iubetur
1695 1052 1862 1082 currum
1890 1039 2068 1082 Achillis
2098 1040 2377 1084 conscendere
2406 1051 2618 1095 equosque

164 1114 257 1156 illos
286 1109 643 1167 praeclarissimos
672 1108 822 1162 accipit
850 1108 1072 1162 regendos.
1103 1109 1155 1149 ln
1185 1108 1312 1150 schol.
1343 1108 1399 1149 ad
1418 1106 1645 1163 elegimus
1675 1107 1799 1149 haec:
1832 1106 1857 1163 ἡ
1890 1106 2010 1164 διπλῆ
2041 1108 2103 1148 ὅτι
2132 1107 2366 1164 σογκέκοφε
2398 1107 2466 1147 τὸν
2493 1104 2618 1147 Ἀλκι-

158 1174 539 1235 μέδονταἍλκιμον
569 1175 711 1216 εἰπών.
744 1175 795 1216 cf.
825 1175 943 1216 Euat.
974 1175 1040 1217 ed.
1060 1175 1148 1216 Bas
1195 1177 1325 1228 1496,
1357 1177 1404 1215 5:
1423 1172 1643 1229 ’Ἄλκιμος-
1660 1174 1881 1227 συγκοπεὶς·
1909 1173 1956 1215 ἐκ
1986 1176 2059 1215 τοῦ
2082 1172 2335 1230 Ἀλκιμέδων
2364 1175 2473 1216 κατ-α’
2491 1189 2616 1220 τινας.

163 1248 292 1291 Cuius
322 1257 530 1301 syncopes
560 1241 721 1285 utinam
753 1242 817 1285 vel
858 1256 989 1284 unum
1019 1243 1239 1285 atulissent
1277 1243 1533 1299 exemplum.
1593 1240 1693 1285 Sine
1723 1242 1851 1284 dubio
1890 1242 2020 1286 nihilo
2060 1243 2199 1285 minus
2229 1244 2379 1299 cuique
2416 1243 2495 1286 erit
2522 1256 2617 1299 per-

163 1327 335 1357 suasum
363 1311 476 1354 hunc
504 1310 720 1352 Alcimum
749 1309 931 1352 eundem
975 1323 1069 1352 esse
1112 1315 1239 1365 atque
1283 1311 1400 1351 illum
1429 1311 1675 1352 Patrocleae
1704 1310 2041 1352 Alcimedontem
2080 1324 2218 1366 neque
2254 1314 2398 1353 tamen
2434 1311 2494 1352 ita
2529 1324 2618 1353 rem

163 1394 287 1440 posse
317 1379 545 1437 explicari,
576 1382 623 1419 ut
652 1376 833 1420 alterum
862 1391 1018 1421 nomen
1048 1391 1104 1421 ex
1133 1378 1264 1421 altero
1294 1382 1434 1422 ortum
1464 1393 1557 1422 esse
1587 1378 1858 1431 arbitremur,
1888 1391 1989 1420 nam
2017 1378 2062 1420 in
2089 1378 2260 1421 nomine
2270 1374 2457 1433 Ἄλκιμος
2484 1378 2617 1421 habes

161 1449 347 1493 radicem
377 1446 452 1488 ἀλκ
492 1445 656 1490 adiecto
687 1445 841 1488 suffixo
873 1446 924 1489 cf.
968 1444 1201 1502 Φρόνιμος,
1246 1444 1449 1502 Φαίδιμος
1477 1448 1583 1500 alia,
1615 1449 1758 1490 contra
1801 1446 1845 1488 in
1879 1446 2049 1489 nomine
2077 1444 2326 1500 Ἀλκιμέδων
2370 1446 2618 1489 vocabulum

153 1516 449 1574 compositum.
488 1514 549 1557 At
577 1513 700 1556 facile
729 1513 865 1569 potuit
893 1513 984 1556 fieri
1013 1518 1059 1556 ut
1088 1513 1212 1556 huius
1242 1514 1422 1558 nominis
1452 1515 1610 1571 duplex
1638 1514 1773 1557 forma
1801 1514 2065 1570 proderetur,
2098 1527 2276 1570 quarum
2305 1514 2438 1557 altera
2467 1513 2522 1557 ab
2553 1528 2615 1567 eo,

160 1586 233 1640 qui
261 1584 530 1627 Patrocleam
560 1582 817 1636 composuit,
848 1581 981 1622 altera
1011 1581 1066 1622 ab
1097 1582 1190 1623 aliis
1221 1586 1284 1624 est
1314 1586 1530 1638 usurpata.

365 1652 417 1693 47
421 1652 447 1692 5
478 1649 677 1692 Ceterum
696 1651 785 1690 tota
809 1647 1000 1690 hocloco
1030 1649 1216 1691 narratio
1246 1650 1373 1705 paulo
1404 1649 1621 1691 obscurius
1653 1654 1716 1691 cst
1745 1650 1934 1690 instituta
1955 1648 2098 1705 ἕταροι
2118 1648 2376 1690 δ’ἀποίνευθε
2396 1648 2615 1691 καθείατο·

156 1721 229 1777 qui
258 1719 391 1762 socii‘?
423 1715 640 1758 ἀπάνευθε
668 1716 815 1772 procul
844 1716 889 1757 in
917 1716 1070 1759 eadem
1100 1717 1224 1759 domo
1255 1717 1345 1759 sive
1373 1718 1513 1773 potius
1544 1717 1587 1759 in
1617 1717 1767 1760 eodem
1796 1717 2006 1759 tentorio?
2044 1717 2127 1760 duo
2157 1717 2283 1760 modo
2315 1716 2509 1758 ποίπνυον
2542 1731 2616 1758 πα-

153 1787 320 1844 ρεόντε.
365 1787 462 1835 Qua
490 1785 534 1827 in
564 1798 610 1826 re
640 1784 780 1827 nescio
811 1797 867 1825 an
896 1797 1048 1839 parum
1077 1785 1245 1840 proprie
1284 1798 1386 1827 usus
1426 1786 1480 1827 sit
1520 1785 1723 1828 vocabulo
1756 1783 1987 1838 ποιπνύειν,
2038 1785 2151 1840 quod
2188 1786 2315 1840 vulgo
2355 1785 2408 1827 de
2445 1789 2617 1828 strenua

155 1855 341 1913 quadam
380 1856 608 1911 usurpatur
646 1851 835 1906 actione,
884 1851 965 1895 hoc
1004 1864 1104 1895 vero
1146 1852 1237 1896 loco
1274 1852 1375 1910 quid
1417 1852 1574 1896 faciant
1612 1851 1882 1897 Automedon
1921 1855 1963 1896 et
1991 1851 2182 1896 Alcimus
2221 1851 2389 1897 difficile
2429 1852 2482 1897 sit
2511 1851 2617 1897 diiu-

152 1925 306 1965 dicatu.
383 1923 625 1963 Diintzerus
673 1921 843 1977 quidem
883 1921 1068 1961 affirmat
1111 1921 1151 1975 *)
1198 1934 1268 1962 eos
1298 1921 1344 1962 in
1373 1921 1508 1978 epulis
1538 1921 1666 1963 fuisse
1710 1924 1935 1978 occupatos
1964 1920 2120 1964 Achilli
2148 1921 2454 1977 ministrantes,
2505 1921 2617 1979 quod

153 1992 265 2032 unde
304 1990 518 2044 collegerit
556 2003 642 2029 non
687 1989 839 2043 liquet,
891 2002 1020 2043 quum
1074 1990 1329 2043 praecedant
1368 1989 1499 2031 verba
1540 1988 1634 2029 νέον
1672 1988 1878 2047 ἀπέληγεν
1919 1988 2101 2046 ἐδωδῆς.
2161 1990 2327 2031 Armin-
2357 1989 2525 2046 Kochly
2553 1990 2615 2044 **)

158 2059 231 2115 qui
260 2072 429 2101 versum
458 2059 511 2099 47
516 2059 541 2098 6
573 2056 801 2099 delendum
830 2070 923 2098 esse
953 2056 1121 2109 statuit,
1160 2057 1202 2097 in
1233 2071 1269 2098 v.
1301 2058 1384 2099 475
1414 2057 1641 2113 legendum
1671 2071 1764 2099 esse
1794 2061 1936 2099 censet
1966 2057 2198 2115 ἀπέληγον,
2228 2070 2282 2100 ne
2311 2057 2511 2112 Achilles,
2541 2071 2615 2101 an-

157 2132 332 2183 tequam
361 2126 559 2168 Hectoris
590 2139 742 2180 corpus
772 2125 989 2176 redderet,
1029 2124 1169 2166 cibum
1199 2130 1393 2179 gustasse
1423 2126 1646 2168 videretur.
1705 2126 1832 2167 Illum
1862 2140 2029 2168 versum
2057 2131 2104 2167 ut
2134 2127 2312 2179 deleret,
2362 2139 2448 2167 non
2476 2130 2616 2168 motus

155 2200 220 2238 est
250 2208 300 2238 ea
331 2207 376 2236 re
392 2225 403 2245 ,
450 2206 533 2248 qua
563 2191 953 2235 Alexandrinorum
994 2191 1167 2248 quidam
1198 2197 1294 2235 sunt
1326 2192 1496 2246 offensi,
1543 2193 1616 2236 sed
1657 2194 1757 2249 quia
1795 2198 2052 2249 repugnaret
2080 2194 2159 2236 iste
2197 2197 2239 2236 et
2275 2209 2316 2237 v.
2349 2195 2428 2236 129
2459 2199 2502 2236 et
2531 2196 2610 2237 601

156 2276 245 2319 sqq.
306 2262 402 2311 Qua
433 2261 485 2304 de
516 2274 562 2303 re
591 2260 734 2303 nescio
765 2273 820 2301 an
852 2260 975 2302 aliter
1013 2260 1068 2301 sit
1096 2260 1378 2303 iudicandum.
1422 2261 1584 2304 Neutro
1614 2262 1725 2304 enim
1755 2262 1846 2304 loco
1885 2261 2181 2319 comprobatur
2208 2261 2418 2306 Achillem
2447 2275 2503 2305 ex
2530 2261 2615 2305 Pa-

155 2330 274 2373 trocli
304 2331 433 2372 caede
464 2329 605 2371 cibum
635 2342 720 2370 non
750 2329 1003 2385 sumpsisse,
1034 2329 1119 2370 imo
1150 2342 1248 2370 vero
1277 2329 1368 2386 ipse
1397 2330 1439 2371 in
1478 2330 1510 2370 T
1534 2343 1664 2387 quum
1692 2331 1959 2387 postulasset,
1990 2334 2037 2372 ut
2065 2330 2208 2373 statim
2236 2330 2332 2374 cibo
2361 2344 2448 2374 non
2476 2335 2614 2373 sumto

155 2413 300 2454 pugna
333 2398 661 2440 committeretur
690 2401 732 2438 et
762 2397 913 2438 ‘Ulixes
943 2397 1163 2452 petivisset
1192 2402 1238 2437 ut
1268 2402 1308 2438 et
1338 2398 1429 2453 ipse
1460 2403 1655 2440 coenaret
1684 2402 1726 2440 et
1755 2399 1859 2439 alios
1890 2412 2066 2440 coenare
2105 2399 2279 2452 sineret,
2312 2399 2541 2442 declaravit
2569 2413 2614 2441 se

153 2465 350 2509 iniuriam
391 2465 524 2508 ultum
561 2464 731 2508 demum
761 2464 902 2508 cibum
932 2469 1169 2507 sumturum
1218 2465 1249 2506 Τ
1281 2467 1364 2508 205
1410 2480 1499 2523 sqq.
1549 2467 1746 2523 idemque
1775 2470 1943 2523 postea,
1975 2481 2104 2524 quum
2129 2481 2325 2524 proceres
2354 2467 2615 2512 Achivorum

152 2534 305 2578 iterum
335 2533 449 2577 idem
479 2537 689 2586 orassent,
711 2533 1006 2589 responderat:
1055 2533 1087 2574 Τ
1111 2535 1194 2577 306
1220 2535 1279 2590 μή
1305 2550 1363 2589 με
1395 2537 1490 2591 πρὶν
1523 2536 1649 2576 σίτοιο
1679 2535 1869 2577 κελεύετε
1893 2535 2007 2594 μηδὲ
2039 2540 2218 2593 ποτῆτος
2245 2539 2257 2592 ¹ss
2287 2536 2476 2579 ἄσασθαι
2496 2537 2614 2593 φίλον

151 2601 279 2659 ἦτορ,
312 2601 406 2644 ἐπεί
426 2600 585 2658 μ’ἅχος
613 2600 724 2642 αἰνὸν
756 2601 895 2644 ἱκάνει.
926 2604 928 2655 J
969 2600 1099 2642 δύντα
1131 2599 1216 2647 δ’ἐς·
1244 2601 1379 2658 ἠέλιον
1404 2603 1549 2658 μενέω
1579 2604 1646 2645 καὶ
1678 2604 1875 2660 τλήσομαι
1905 2602 2051 2662 ἔμπης.

356 2671 442 2712 480
502 2668 699 2725 Sequitur
729 2668 862 2711 simile
892 2669 945 2712 de
975 2682 1058 2725 quo
1088 2668 1257 2726 Kochly
1296 2670 1467 2727 quidem
1496 2671 1595 2715 dicit
1624 2672 1722 2727 m),
1757 2672 1859 2726 „der
1887 2672 2127 2728 Eindruck,
2159 2674 2242 2717 den
2261 2687 2308 2717 er
2328 2674 2436 2729 (Pr.)
2458 2674 2611 2727 macht,

152 2738 258 2782 wird
287 2738 420 2782 durch
444 2738 547 2794 jene
578 2736 974 2781 eharakteristische
992 2737 1311 2795 Vergleichung
1339 2739 1416 2782 mit
1445 2741 1557 2794 3÷3
1579 2740 1744 2785 Versen
1765 2742 2021 2797 (480—482‚
2044 2743 2288 2798 483=485)
2314 2741 2610 2798 geschildert“.

197 2877 231 2917 *)
284 2876 403 2909 Ueber
426 2876 492 2909 das
517 2878 571 2909 24.
598 2875 640 2908 B.
666 2876 731 2908 der
754 2876 796 2907 ll.
844 2875 974 2908 Rhein.
1000 2876 1093 2909 Mus.
1120 2877 1219 2910 1864.
1266 2879 1299 2911 3.
1347 2888 1382 2920 p.
1407 2878 1489 2912 407.

175 2933 231 2975 **)
281 2931 442 2967 Hektors
466 2932 625 2976 Lesung.
675 2932 806 2966 Zilrich
831 2934 888 2968 59.
935 2943 971 2977 p.
997 2935 1051 2966 15.
1100 2943 1133 2976 p.
1159 2935 1191 2966 8.
1240 2933 1348 2975 „Zum
1380 2937 1499 2968 ersten
1523 2934 1619 2969 Male
1655 2936 1723 2970 seit
1746 2937 1947 2972 Patroklos'
1977 2938 2076 2972 Tode
2106 2938 2266 2983 genie-st
2289 2937 2492 2979 Achilleus,
2531 2948 2611 2971 sum

289 2991 409 3024 ersten
430 2988 527 3022 Male
562 2989 630 3023 seit
654 2987 813 3024 Hektors
838 2989 937 3024 Tode
960 2989 1126 3024 Priamos
1151 2990 1275 3034 Speise
1299 2990 1372 3025 und
1398 2990 1539 3034 Trank,
1577 2992 1687 3027 Beide
1710 3004 1758 3028 an
1782 2995 1898 3029 einem
1923 2995 2050 3030 Tisch:
2081 2995 2146 3029 der
2171 2995 2284 3030 Vater
2307 2994 2370 3029 des
2395 2993 2525 3039 Opfers
2548 2994 2613 3028 hat

289 3046 348 3080 die
373 3045 716 3080 Gastfreundschaft
740 3046 804 3081 des
830 3046 994 3091 blutigen
1018 3046 1182 3081 Miirders
1207 3058 1478 3090 angenommen.
1526 3048 1601 3083 Das
1635 3049 1682 3083 ist
1704 3051 1806 3084 mehr
1829 3052 1884 3086 als
1909 3052 2067 3097 Stillung
2096 3052 2161 3085 des
2184 3051 2378 3085 leiblichen
2402 3050 2610 3087 Bodurtnis-

289 3103 382 3138 ses.“
410 3102 460 3136 At
485 3112 611 3137 vereor
634 3102 775 3144 nelsibi
799 3103 878 3147 ipse
904 3103 998 3138 hanc
1022 3104 1284 3148 oppositionem
1309 3103 1489 3140 effinxerit
1513 3105 1569 3140 vir
1592 3106 1835 3145 doctissimus.
1866 3109 2033 3144 Ceterum
2057 3108 2101 3143 cf.
2127 3108 2248 3143 Schol.
2273 3109 2321 3143 ad
2344 3111 2427 3144 628:
2451 3112 2473 3154 ἦ
2498 3110 2611 3154 διπλῆ,

289 3160 339 3194 ὅτι
364 3160 618 3206 κατακέχρηται
642 3163 691 3206 τῷ
716 3160 843 3207 στίχῳ·
868 3161 889 3195 ὁ
913 3161 984 3207 γὰρ
1006 3159 1184 3208 Ἀχιλλεὺς
1205 3161 1273 3207 ἤδη
1297 3161 1498 3207 κεκόρεσται
1515 3174 1523 3183 ·
1548 3162 1644 3209 λέγει
1667 3165 1738 3210 γὰρ
1764 3165 1862 3201 »νέον
1889 3165 1921 3200 δ’
1946 3165 2121 3212 ἀπέληγεν
2146 3166 2318 3213 &malm-⁸.

150 3215 226 3257 **'⁸)
273 3227 310 3259 p.
336 3218 390 3250 15.
