2798 3744
1175 96 1225 102 -
1344 70 1563 118 178-

349 197 586 239 596—642.
620 186 831 239 Achilles
877 195 988 239 redit
1028 195 1073 238 in
1119 196 1346 252 tentorium
1372 195 1628 253 Priamoque
1666 196 1832 239 nuntiat
1870 195 2100 239 Hectorem
2135 208 2227 238 8888
2257 175 2440 239 8011111118
2467 200 2596 253 atque

146 277 272 307 mane
300 276 428 321 posse
455 263 631 317 reduci,
655 264 766 307 iam
793 277 895 307 vero
925 276 1018 306 esse
1048 248 1333 317 coenandum,
1383 278 1437 307 ne
1466 261 1652 306 Niobam
1683 264 1852 321 quidem
1890 253 2140 320 gravissimo
2178 277 2368 307 moerore
2396 264 2598 308 afflictam

69 359 71 361 -
146 332 230 376 cibi
257 344 351 376 8888
379 332 566 376 0111118111.
625 331 793 375 Deinde
814 331 912 375 ovis
940 334 1151 375 mactatur
1179 330 1234 375 ab
1263 331 1450 387 Achille,
1501 335 1733 389 apparatur
1770 332 1847 375 ab
1861 332 1950 375 eius
1989 332 2136 386 808118,
2186 345 2360 376 coenam
2390 331 2600 375 distribuit

146 400 348 444 Achilles.
409 400 586 442 Coenati
615 400 802 441 Achilles
834 403 877 443 et
903 399 1100 441 Priamus
1129 400 1240 442 inter
1266 413 1313 442 se
1342 400 1623 453 admirantur,
1655 413 1736 455 quo
1766 399 1877 442 facto
1906 399 2103 442 Priamus
2132 400 2260 456 petit,
2297 403 2344 442 ut
2373 399 2454 442 sibi
2483 398 2599 442 cubi·

148 472 238 510 tum
266 467 329 511 ire
356 468 502 521 liceat,
533 480 634 508 nam
661 470 759 524 post
787 465 983 509 Hectoris
1012 480 1161 509 necem
1190 479 1284 510 8888
1311 480 1450 524 neque
1480 467 1726 510 dormivisse
1755 480 1893 524 neque
1923 479 2138 510 coenasse.

350 548 493 604 Atque
522 547 567 588 in
595 547 734 603 priore
765 546 934 603 quidem
969 550 1090 603 parte
1134 547 1276 602 omnia
1319 546 1428 589 bene
1457 560 1550 589 sese
1588 546 1816 599 haberent,
1866 547 1902 587 81
1945 546 2078 589 018110
2108 545 2295 589 Α81111188
2335 547 2599 590 clauderetur

148 628 274 658 versu
304 616 403 657 601.
463 614 492 657 J
493 628 564 655 am
592 627 691 657 vero
721 614 909 669 sequitur
936 613 1083 656 fabula
1110 613 1184 656 illa
1213 613 1266 656 de
1295 613 1457 667 Nioba,
1508 628 1592 670 qua
1621 615 1733 656 senis
1763 614 1987 656 miserrimi
2023 614 2183 655 luctum
2212 617 2339 669 atque
2367 625 2598 657 moerorem

149 681 335 724 Achilles
380 681 521 724 studet
564 682 780 725 8011801811.
837 681 1175 725 Promtissimum
1223 681 1399 724 forsitan
1455 685 1581 738 atque
1611 681 1856 723 facillimum
1893 681 1947 723 sit
1986 684 2122 723 totum
2149 680 2263 723 hunc
2292 680 2345 723 de
2373 681 2511 724 Nioba
2539 683 2599 725 lo-

149 763 246 791 cum
265 781 276 803 ,
307 751 350 792 in
380 764 462 805 quo
493 750 698 806 quasdam
727 751 864 792 inesse
895 749 1162 792 difficultates
1192 750 1308 791 haud
1336 750 1460 792 facile
1489 750 1712 805 quisquam
1741 750 1984 804 negaverit,
2015 748 2186 791 reiicere
2216 753 2344 804 atque
2373 762 2600 802 removere,

150 818 210 859 At
239 818 275 859 si
304 821 443 859 tecum
471 818 731 873 reputaveris
762 818 992 874 permultos
1021 816 1067 858 in
1095 817 1177 859 hac
1205 816 1436 873 rhapsodia
1465 831 1558 859 esse
1596 818 1733 869 locos,
1784 816 1936 872 quibus
1980 817 2115 857 maior
2158 821 2200 857 et
2244 816 2424 872 amplior
2465 830 2603 859 rerum

151 884 473 940 fabularumque
513 884 709 938 scientia,
760 898 887 940 quam
925 888 1091 926 ceterae
1120 883 1268 926 Iliadis
1307 883 1467 926 habent
1495 887 1637 940 partes
1650 916 1661 937 ,
1707 882 2058 939 deprehenditur,
2107 884 2203 926 vide
2233 897 2287 926 ne
2321 884 2523 926 audacius
2552 887 2605 926 sit

151 956 239 1002 tam
267 951 415 993 leviter
443 956 570 1008 atque
598 956 757 993 temere
786 951 897 992 hunc
935 950 1095 992 nodum
1124 950 1388 992 Gordianum
1425 954 1551 1006 atque
1591 950 1698 993 adeo
1728 949 2006 993 Homericum
2035 950 2285 993 discindere.
2325 950 2473 993 Liceat
2502 952 2604 993 mihi

150 1019 333 1061 breviter
361 1023 460 1061 ante
489 1019 630 1062 oculos
658 1032 894 1075 proponere
923 1018 1000 1061 hos
1030 1019 1157 1061 locos:
1195 1018 1373 1061 fortasse
1402 1031 1487 1060 non
1514 1032 1774 1073 magnopere
1803 1017 2110 1071 laborabimus,
2142 1018 2240 1074 quid
2271 1018 2324 1060 de
2352 1018 2404 1060 iis
2434 1019 2488 1060 sit
2518 1024 2603 1061 sta-

153 1085 369 1130 tuendum.
428 1086 571 1142 Atque
601 1087 784 1142 primum
815 1086 986 1143 quidem
1014 1086 1249 1129 invenimus
1278 1085 1446 1128 Paridis
1475 1085 1579 1128 illud
1610 1086 1811 1127 iudicium
1840 1091 1990 1143 postea
2029 1086 2274 1142 saepissime
2305 1100 2606 1129 commemora·

152 1158 265 1208 tum,
295 1154 557 1209 incognitum
584 1155 688 1197 illud
718 1155 888 1211 quidem
917 1155 1222 1211 antiquioribus
1251 1155 1389 1210 politis
1420 1156 1502 1208 (29,
1534 1156 1621 1208 30),
1665 1155 1817 1197 deinde
1845 1155 1876 1196 J
1876 1169 2061 1196 unonem
2099 1155 2167 1196 hic
2195 1160 2321 1211 poeta
2349 1156 2452 1197 facit
2478 1157 2607 1211 glori·

153 1225 298 1265 antem
326 1235 372 1265 se
402 1221 628 1266 Thetidem
676 1222 877 1266 educasse
917 1225 1043 1280 atque
1072 1222 1209 1277 {Peleo
1246 1225 1425 1279 nuptum
1455 1222 1621 1266 dedisse
1665 1236 1894 1279 omnesque
1932 1223 2033 1266 deos
2072 1222 2153 1265 illis
2182 1222 2338 1279 nuptiis
2367 1223 2608 1267 interfuisse

155 1292 226 1343 (59
257 1291 381 1345 sqq),
400 1291 527 1345 paulo
545 1291 656 1332 infra
682 1294 1033 1332 commemoratur
1050 1291 1168 1343 rixa,
1199 1303 1307 1345 quae
1336 1303 1413 1346 per
1442 1303 1595 1332 novem
1625 1290 1714 1332 dies
1745 1291 1854 1332 inter
1883 1291 1985 1332 deos
2015 1290 2269 1332 immortales
2299 1290 2450 1333 dicitur
2476 1291 2608 1333 fuisse

155 1357 208 1399 de
237 1356 432 1400 Hectoris
464 1371 637 1414 corpore
666 1361 709 1400 81
738 1358 791 1400 de
820 1358 987 1400 Achille
1036 1359 1137 1412 (106
1169 1358 1264 1414 sq),
1313 1371 1465 1399 novem
1504 1362 1803 1399 enumerantur
1844 1358 2005 1399 Priami
2044 1358 2119 1399 filii
2156 1372 2405 1414 currumque
2433 1360 2608 1416 iungere

155 1424 353 1467 iubentur
382 1426 495 1480 (249.
527 1426 643 1479 250),
691 1426 820 1482 paulo
857 1429 955 1481 post
983 1424 1180 1468 Priamus
1218 1429 1364 1467 narrat
1391 1425 1620 1467 Mestorem
1658 1429 1700 1467 et
1730 1425 1921 1469 Troilum
1958 1425 2139 1481 optimos
2168 1426 2274 1467 filios
2312 1440 2404 1469 esse
2433 1428 2607 1480 occisos,

157 1492 348 1536 Troilum
377 1507 476 1536 vero
506 1507 533 1536 a
554 1493 718 1550 cyclicis
746 1493 884 1550 poetis
913 1493 1100 1537 maxime
1129 1490 1294 1537 constat
1327 1493 1457 1536 fuisse
1487 1494 1746 1536 celebratum
1767 1494 1900 1549 (257),
1931 1498 2021 1535 tum
2050 1494 2207 1536 mentio
2235 1494 2284 1535 fit
2311 1494 2385 1536 filii
2413 1495 2605 1547 Achillis,

157 1561 210 1602 de
241 1574 323 1617 quo
353 1561 438 1602 iam
468 1574 597 1618 supra
627 1561 697 1618 egi
725 1560 778 1616 *),
808 1561 853 1603 in
881 1575 920 1605 v.
953 1561 1105 1604 deinde
1135 1562 1217 1603 527
1249 1574 1339 1618 sqq.
1370 1560 1503 1604 habes
1533 1561 1650 1603 illam
1679 1560 1928 1617 allegoriam
1957 1560 2137 1604 duorum
2180 1561 2356 1604 istorum
2392 1561 2610 1613 doliorum,

158 1630 270 1670 unde
298 1630 467 1685 Jupiter
494 1629 667 1684 fingitur
695 1629 808 1670 bona
837 1633 880 1670 et
908 1630 1021 1670 mala
1051 1629 1300 1671 distribuere
1327 1628 1568 1671 hominibus
1584 1660 1595 1682 ,
1645 1629 1731 1670 iam
1760 1629 1949 1685 sequitur
1983 1628 2130 1670 fabula
2160 1628 2214 1670 de
2241 1627 2406 1682 Nioba,
2458 1642 2610 1685 parum

158 1698 230 1738 illa
259 1697 429 1753 quidem
457 1697 677 1753 perspicue
707 1696 971 1753 dilucideque
998 1700 1180 1739 narrata.
1240 1696 1389 1738 Liceat
1417 1696 1521 1738 mihi
1536 1728 1547 1749 ,
1594 1710 1648 1738 ne
1679 1696 1849 1753 saepius
1880 1697 2030 1739 eodem
2058 1697 2272 1749 revolvar,
2312 1700 2471 1739 ceteros
2507 1709 2610 1752 quo-

158 1758 240 1820 que
269 1764 510 1807 huiusmodi
538 1765 651 1807 locos
681 1778 941 1807 enumerare.
1000 1764 1245 1806 Invenimus
1273 1768 1423 1821 postea
1453 1764 1738 1806 Cassandram
1778 1768 1919 1806 vatem
1953 1764 2070 1806 illam
2098 1769 2246 1820 postea
2283 1764 2398 1820 apud
2428 1764 2610 1819 cyclicos

160 1831 534 1875 celebratissimam
563 1833 663 1888 (699
695 1832 806 1890 sqq.)
851 1832 1037 1890 quadam
1065 1832 1151 1874 iam
1181 1832 1330 1890 opinor
1357 1831 1654 1890 praesagiendi
1693 1836 1783 1875 arte
1822 1832 2059 1890 praeditam
2074 1865 2085 1886 ,
2130 1832 2231 1875 item
2269 1846 2325 1876 ex
2362 1832 2611 1889 cyclicorum

162 1902 337 1943 scientia
366 1902 508 1943 nescio
538 1915 595 1943 an
624 1902 707 1943 sint
734 1901 965 1959 repetenda
994 1914 1105 1958 quae
1133 1901 1404 1957 proferuntur
1433 1901 1488 1943 ab
1518 1900 1823 1943 Andromacha
1851 1901 1896 1943 in
1925 1901 2224 1944 lamentatione
2252 1901 2324 1943 illa
2353 1900 2405 1943 de
2434 1900 2520 1943 filio
2551 1900 2613 1943 in-

157 1969 272 2010 fante
304 1970 384 2010 735
416 1968 444 2026 ἢ
475 1984 535 2014 τις
562 1969 741 2027 Ἀχαιῶν
776 1970 788 2025 {i
821 1968 938 2025 ῥίψει
960 1969 1113 2026 χειρὸς·
1140 1968 1246 2009 ἑλὼν
1286 1968 1369 2008 ἀπὸ
1401 1968 1562 2025 πύργου
1592 1968 1745 2024 λυγρὸν
1776 1967 1968 2024 ὄλεθρον.
2027 1968 2198 2011 Etenim
2236 1971 2398 2011 constat
2436 1968 2614 2025 cyclicos

159 2050 352 2077 narrasse
403 2036 709 2092 Astyanactem
755 2051 782 2077 a
819 2036 1097 2092 Neoptolemo
1113 2066 1125 2089 ,
1174 2036 1352 2077 Achillis
1396 2036 1502 2089 filio,
1554 2036 1682 2077 Troia
1721 2040 1847 2093 capta
1890 2036 1944 2077 de
1987 2036 2092 2077 turri
2138 2049 2229 2078 8888
2277 2035 2614 2094 praecipitatum.

160 2103 440 2146 Alexandrini
469 2104 641 2160 quidem
668 2105 713 2146 in
742 2118 795 2146 ea
823 2107 944 2146 erant
972 2104 1203 2157 sententia„
1233 2108 1281 2145 ut
1309 2108 1543 2147 statuerent
1583 2118 1638 2146 ex
1666 2104 1732 2146 his
1772 2103 1961 2146 versibus
1991 2104 2244 2160 posteriores
2273 2107 2421 2160 poetas
2450 2103 2615 2145 tristem

163 2171 280 2213 illam
309 2175 435 2227 atque
463 2171 663 2214 miseram
700 2171 972 2227 Astyanactis
1002 2175 1159 2214 sortem
1188 2185 1265 2214 suo
1295 2171 1376 2213 sibi
1403 2171 1541 2214 Marte
1569 2171 1785 2213 effinxisse
1819 2170 1896 2224 **),
1933 2172 1970 2212 81
1999 2175 2143 2213 autem
2171 2171 2277 2213 haec
2306 2172 2438 2213 multa
2468 2183 2614 2212 recen-

160 2238 278 2281 tioris
308 2238 507 2281 scientiae
536 2238 737 2295 vestigia,
787 2253 897 2296 quae
935 2240 981 2282 in
1010 2239 1093 2282 hac
1122 2238 1353 2296 rhapsodia
1381 2239 1536 2292 insunt,
1566 2252 1733 2282 mecum
1770 2242 1944 2295 reputo,
1975 2238 2081 2281 mihi
2111 2239 2280 2294 quidem
2308 2252 2394 2282 non
2423 2237 2613 2291 dubium,

164 2307 265 2363 quin
295 2310 439 2349 contra
467 2319 536 2349 res
566 2319 612 2349 se
641 2306 819 2362 habeat,
851 2307 953 2364 quin
981 2307 1051 2350 hic
1076 2309 1205 2364 poeta
1233 2306 1285 2350 iis
1315 2306 1485 2350 demum
1512 2306 1639 2350 fuerit
1666 2305 1926 2363 temporibus
1940 2339 1951 2360 ,
1983 2305 2135 2362 quibus
2163 2306 2261 2350 illae
2288 2306 2458 2350 fabulae
2487 2320 2515 2349 a
2545 2321 2616 2362 cy-

163 2375 277 2417 clicis
306 2374 442 2431 poetis
471 2374 639 2417 fuerant
668 2378 920 2429 exornatae,
968 2378 1183 2432 postremo
1211 2374 1381 2418 Helena
1409 2378 1556 2417 narrat
1594 2374 1712 2430 (765)
1754 2388 1799 2416 88
1838 2374 1925 2416 18111
1954 2374 2200 2417 vicesimum
2229 2389 2388 2417 annum
2422 2388 2448 2416 a
2477 2375 2618 2429 patria

165 2443 315 2484 abesse
344 2442 583 2498 Troiaeque
611 2442 793 2496 versari,
824 2442 937 2499 quod
965 2445 1133 2500 tempus
1161 2454 1394 2499 nusquam,
1424 2441 1506 2484 nisi
1534 2441 1679 2496 fallor,
1710 2444 1799 2484 tam
1829 2444 2027 2486 accurate
2057 2440 2173 2499 apud
2201 2440 2440 2486 Homerum
2469 2440 2617 2485 defini-

133 2565 136 2568 ·
162 2517 243 2553 tur.
306 2510 419 2559 Quid
455 2510 613 2566 igitur?
669 2510 867 2553 Praestat
910 2510 1017 2553 haec
1045 2511 1188 2553 omnia
1236 2523 1345 2566 quae
1375 2509 1620 2553 enumeravi
1647 2509 1891 2567 posterioris
1921 2509 2096 2567 originis
2137 2510 2317 2567 vestigia
2355 2509 2618 2553 athetesibus

166 2578 306 2621 delere
335 2580 462 2634 atque
502 2577 773 2634 exstinguere
817 2592 873 2620 an
901 2579 1082 2621 retinere
1111 2582 1154 2621 et
1182 2577 1391 2635 profiteri,
1441 2578 1540 2621 inde
1569 2592 1663 2621 esse
1693 2578 1999 2621 coniiciendum
2039 2578 2150 2621 hanc
2178 2578 2453 2634 rhapsodiam
2482 2578 2618 2621 serius

164 2660 258 2689 esse
287 2646 453 2688 ortam?

367 2725 530 2767 Verum
558 2725 805 2779 redeamus,
846 2726 961 2768 unde
991 2726 1181 2782 degressi
1218 2714 1384 2779 sumus3
1411 2717 1630 2767 ‘Priamus
1669 2725 1724 2767 ab
1754 2724 1921 2767 Achille
1960 2724 2238 2777 admonetur,
2275 2727 2324 2766 ut
2362 2723 2449 2766 iam
2479 2723 2618 2767 cibum

165 2794 328 2850 capiat,
359 2806 444 2849 qua
472 2793 516 2835 in
544 2806 591 2835 re
620 2793 752 2835 utitur
780 2794 975 2849 exemplo
995 2793 1181 2847 Niobae,
1213 2806 1323 2849 quae
1353 2797 1396 2835 et
1424 2792 1541 2849 ipsa,
1571 2806 1736 2834 summo
1767 2792 1910 2834 dolore
1940 2791 2124 2844 afflicta,
2152 2791 2325 2833 tandem
2345 2791 2487 2833 cibum
2505 2805 2616 2833 sum-

208 2943 243 2986 *)
291 2954 325 2988 p.
352 2945 405 2977 19.

186 3012 242 3056 **)
289 3012 337 3047 ad
349 3023 379 3045 v.
395 3013 460 3046 735
492 3013 514 3058 ἡ
539 3011 657 3058 διπλῆ,
683 3012 733 3047 ὅτι
757 3013 921 3047 ἐντεῦθεν
944 3012 1147 3059 κινηθέντες·
1167 3012 1201 3046 οἱ
1221 3011 1307 3054 μεθ’
1324 3008 1477 3057 Ὅμηρον
1501 3011 1637 3056 ποιηταὶ
1664 3010 1866 3056 ῥιπτόμενον
1897 3010 1984 3043 κατὰ
2010 3010 2071 3043 τοῦ
2096 3010 2235 3055 τείχους
2257 3008 2322 3042 ὑπὸ
2347 3011 2413 3042 τῶν
2436 3005 2612 3050 ζΕλλήνων

300 3069 479 3113 εἰσάγουσι
502 3069 559 3101 τὸν
581 3065 836 3102 Ἀστυάνακτα.
858 3068 1009 3102 Welker
1044 3079 1101 3112 ep.
1130 3068 1228 3112 Cycl.
1252 3067 1290 3100 11
1315 3068 1403 3100 196:
1453 3066 1548 3107 „Das
1573 3065 1913 3099 Herabschleudern
1939 3065 2001 3098 des
2026 3065 2215 3109 Astyanax
2240 3074 2309 3097 von
2333 3064 2447 3097 einem
2471 3061 2613 3094 Hauer-

300 3124 420 3158 thurm
446 3123 580 3158 ahndet
603 3124 854 3159 Andromache
884 3125 944 3158 bei
968 3125 1033 3158 der
1055 3124 1188 3159 Leiche
1212 3124 1330 3157 seines
1355 3123 1506 3162 Vaters,
1549 3133 1623 3156 was
1658 3122 1726 3156 auf
1754 3122 1819 3155 das
1849 3122 1961 3155 881108
1985 3120 2200 3155 Gedichtete
2238 3121 2303 3153 wie
2334 3120 2391 3152 die
2415 3117 2550 3151 Orakel
2574 3118 2613 3150 in

300 3180 364 3214 der
388 3179 515 3214 Poesie
538 3179 616 3215 sich
640 3190 685 3214 zu
708 3180 881 3216 beziehen
905 3180 1076 3216 scheint.“
1115 3179 1167 3215 Of.
1193 3190 1286 3225 quae
1310 3178 1509 3223 disputavit
1533 3177 1685 3213 Godofr.
1712 3177 1941 3212 Hermannus
1967 3177 2014 3211 ad
2038 3177 2124 3212 Eur.
2151 3176 2262 3210 Andr.
2289 3178 2342 3210 10.

2074 3234 2100 3275 3
