2798 3744
1189 104 1396 150 -ς
1531 132 1579 137 -

161 247 253 276 mos
283 245 446 289 quoque
475 245 620 274 versus
649 231 788 273 delere
816 244 902 273 non
930 230 1136 272 dubitant.
1196 230 1291 278 Qua
1318 230 1362 272 in
1391 244 1437 272 re
1465 243 1615 286 parum
1645 233 1766 272 caute
1794 229 1854 271 illi
1883 227 2053 283 quidem
2080 239 2223 271 secum
2252 238 2601 269 commemorasse

160 300 372 353 videntum,
416 303 559 341 utrum
602 298 867 341 verisimilius
907 299 963 340 sit
998 297 1204 339 eiusmodi
1243 310 1389 339 versus
1428 296 1473 340 in
1502 298 1690 340 carmina
1728 296 1855 355 plena
1884 299 2011 353 atque
2039 292 2224 352 perfecta
2253 307 2347 336 esse
2373 292 2601 336 inmilcatos

163 381 273 410 anne
302 368 572 409 statuendum
601 368 655 408 sit
682 371 815 408 totam
842 380 933 407 rem
961 366 1016 406 ab
1046 369 1174 421 poeta
1202 365 1339 406 minus
1369 364 1481 407 bono
1510 378 1705 422 perverse
1733 378 1826 406 esse
1853 364 2097 405 institutam.

365 436 609 490 Antequam
638 439 779 477 autem
808 434 864 476 ad
892 433 1002 476 hanc
1030 432 1300 489 rhapsodiam
1329 432 1565 486 redeamus,
1605 432 1729 474 liceat
1763 430 1866 474 mihi
1895 431 1948 473 de
1978 429 2070 472 aliis
2100 427 2351 485 quibusdam
2378 427 2502 480 locis,
2533 427 2605 483 qui

166 502 269 546 mihi
298 503 455 558 legenti
484 506 750 545 occurrerunt
778 506 900 543 extra
930 514 1102 543 causam
1116 532 1128 554 ,
1159 505 1206 542 ut
1238 501 1375 553 aiunt,
1407 513 1516 556 quae
1554 513 1649 542 mea
1692 500 1745 542 sit
1774 499 1982 542 sententia
2019 497 2152 540 tribus
2190 495 2327 539 verbis
2355 507 2602 553 proponere.

161 571 304 626 Atque
333 570 517 625 primum
560 569 728 626 quidem
757 569 837 611 hoc
878 582 1043 625 quoque
1072 568 1163 611 loco
1192 568 1292 611 libet
1329 572 1541 625 repetere,
1587 568 1701 625 quod
1728 567 1939 624 quondam
1975 567 2028 609 de
2056 567 2147 610 loco
2176 565 2359 623 quodam
2387 565 2605 622 Odysseae

161 637 404 682 difficillimo
435 642 482 680 ut
510 638 673 681 videtur
701 638 975 693 interpretatu
1004 637 1217 693 proposui.
1277 635 1331 678 Et
1370 642 1434 679 est
1476 637 1586 680 illius
1626 637 1706 680 loci
1743 636 2033 692 interpretatio
2074 634 2339 688 difficillima,
2388 634 2424 675 si
2463 635 2604 676 omnia

161 719 256 748 esse
285 707 443 761 optime
473 712 600 762 atque
628 706 907 762 pulcherrime
934 706 1126 746 instituta
1156 704 1437 746 statuerimus.
1498 705 1571 746 Sin
1611 709 1753 746 autem
1783 703 2108 746 concesserimus
2147 703 2352 758 quosdam
2390 703 2502 744 locos
2532 703 2604 743 ho-

162 774 339 816 mericos
370 774 485 816 nullo
514 774 639 816 modo
668 786 791 829 posse
821 772 1044 829 explicari,
1075 773 1111 815 si
1140 772 1357 814 fatendum
1396 777 1461 814 est
1496 773 1590 829 plus
1630 772 1761 814 semel
1802 784 1886 812 non
1919 770 2073 812 bonum
2112 770 2228 812 illum
2256 770 2502 825 Homerum,
2532 770 2606 812 sed

162 844 418 898 posteriores
448 843 551 884 istos
580 842 811 897 rhapsodos
842 841 1113 892 dormitasse,
1155 841 1348 882 facillime
1378 854 1433 882 ex
1462 839 1811 881 artificiosissimis
1841 839 1921 880 illis
1950 842 2077 893 atque
2106 838 2385 880 subtilissimis
2400 869 2412 892 ,
2457 838 2605 893 quibus

161 910 218 952 ab
250 910 547 965 interpretibus
576 909 722 951 irretiti
760 913 971 959 tenemur,
1000 908 1160 963 laqueis
1190 922 1265 949 nos
1295 908 1581 963 expediemus.
1612 906 1736 955 Quod
1765 920 1819 948 ne
1848 911 2005 948 temere
2034 905 2179 948 videar
2208 906 2482 958 contendisse,
2512 906 2607 962 lege

162 979 199 1020 si
227 979 368 1034 placet
398 995 433 1018 ω
473 980 568 1020 408.
629 977 774 1019 Ulixes
804 975 940 1031 procis
970 976 1116 1017 occisis
1156 975 1355 1032 postridie
1385 975 1474 1017 eius
1519 975 1600 1017 diei
1638 988 1762 1017 mane
1802 973 2004 1031 oppidum
2041 974 2286 1029 reliquerat,
2337 978 2383 1016 ut
2411 974 2607 1018 Laertem

164 1060 310 1089 senem
340 1050 509 1102 patrem
540 1045 788 1087 conveniret.
849 1043 927 1085 Cui
967 1048 1240 1099 posteaquam
1281 1043 1373 1098 quis
1404 1049 1515 1085 esset
1553 1042 1738 1099 aperuit,
1777 1043 1831 1084 ad
1862 1042 2005 1084 villam
2034 1055 2081 1084 se
2110 1042 2348 1097 conferunt,
2385 1043 2459 1086 ubi
2487 1044 2607 1087 Tele-

166 1113 364 1156 machum
397 1126 490 1154 cum
520 1112 756 1169 pastoribus
786 1111 865 1152 illis
903 1111 1020 1162 fidis,
1067 1112 1137 1166 qui
1178 1125 1258 1152 una
1289 1124 1344 1151 ex
1373 1111 1529 1167 oppido
1560 1115 1850 1163 excesserant,
1899 1110 2117 1152 inveniunt
2154 1124 2369 1167 coenaque
2404 1117 2609 1169 apparata

168 1182 432 1226 accumbunt.
484 1181 577 1230 Quo
606 1181 718 1223 facto
747 1179 896 1222 Dolius
927 1193 1072 1222 servus
1103 1180 1270 1221 advenit
1301 1193 1396 1221 cum
1427 1180 1521 1222 filiis
1551 1179 1605 1222 ab
1638 1194 1723 1222 anu
1752 1179 1823 1221 illa
1852 1178 1992 1222 Sicula
2021 1178 2261 1222 advocatus.
2312 1179 2395 1230 Qui
2423 1180 2609 1224 simulat·

166 1264 248 1307 que
277 1250 490 1292 dominum
521 1249 833 1291 dilectissimum
864 1252 1172 1304 conspexerunt
1202 1252 1325 1303 atque
1365 1253 1652 1304 agnoverunt,
1693 1248 1825 1304 primo
1865 1247 2033 1304 quidem
2073 1248 2304 1290 consistunt
2333 1248 2610 1306 obstupefacti

165 1318 379 1374 inopinato
419 1317 632 1372 adspectu.
699 1316 841 1357 Ulixes
873 1320 1015 1357 autem
1047 1316 1193 1357 leniter
1223 1317 1442 1372 increpans
1472 1330 1615 1358 senem
1654 1316 1901 1372 alloquitur:
1932 1316 1986 1356 ad
2017 1316 2300 1364 coenandum,
2331 1317 2485 1373 inquit,
2516 1331 2608 1359 con-

165 1386 278 1435 side,
309 1385 468 1440 parcite
499 1385 682 1439 stupori,
715 1384 785 1424 diu
817 1398 890 1425 vos
922 1384 1135 1425 coenaturi
1165 1385 1491 1439 expectavimus.

366 1452 476 1493 Tum
506 1466 605 1493 vero
635 1465 766 1493 senex
797 1451 956 1492 domini
984 1465 1134 1492 manus
1164 1452 1431 1492 exosculatur
1460 1466 1639 1508 eumque
1660 1466 1821 1493 summo
1842 1451 1996 1506 gaudio
2026 1450 2200 1492 affectus
2230 1452 2384 1493 salutat
2412 1457 2454 1493 et
2484 1466 2609 1508 quae-

165 1522 243 1574 rit,
275 1526 414 1561 utrum
443 1520 528 1561 iam
558 1519 773 1575 Penelopa
803 1533 910 1560 uxor
940 1519 992 1560 de
1032 1519 1221 1574 coniugis
1252 1520 1434 1560 adventu
1466 1521 1518 1560 sit
1548 1520 1698 1562 certior
1726 1521 1837 1561 facta
1867 1533 1920 1560 an
1951 1519 2120 1560 nuntius
2150 1519 2203 1560 sit
2232 1520 2473 1562 mittendus.
2533 1521 2611 1562 Oui

165 1589 391 1644 respondet
416 1588 556 1629 Ulixes
587 1589 693 1628 407:
725 1586 760 1627 ὦ
783 1586 925 1642 γέρον,
955 1585 1038 1643 ἤδη
1060 1585 1168 1627 οἷὸε·
1197 1586 1234 1627 τί
1255 1601 1302 1627 σε
1336 1588 1423 1643 χρὴ
1458 1589 1586 1628 ταῦτα
1618 1586 1840 1640 πένεσθαι;
1870 1589 1953 1628 iam
1974 1587 2160 1642 sequitur
2178 1587 2213 1628 is
2234 1601 2378 1629 versus
2399 1602 2523 1644 quem
2544 1603 2610 1630 su-

166 1671 244 1713 pra
275 1656 689 1698 commemoravimus
719 1657 821 1697 408:
853 1654 914 1699 ὣς
943 1654 1061 1710 φάθ’·
1094 1656 1117 1694 ὑ
1149 1653 1304 1700 aurbu<
1333 1653 1389 1711 α”ῤ
1423 1654 1527 1703 ἕζετ’
1558 1654 1756 1702 ἐυξέστου
1788 1654 1854 1695 ἐπὶ
1884 1653 2050 1711 δίφρου.
2090 1655 2150 1696 At
2178 1654 2326 1697 Delius
2356 1660 2481 1698 antea
2509 1671 2611 1698 non-

168 1725 269 1767 dum
300 1723 557 1766 consederat.
601 1722 742 1764 Nihilo
763 1728 905 1764 autem
925 1724 1062 1764 minus
1085 1723 1193 1764 hane
1223 1723 1509 1765 difficultatem
1529 1724 1820 1779 gravissimam
1842 1724 1895 1764 ab
1915 1723 2209 1779 interpretibus
2229 1723 2424 1766 facillimo
2444 1726 2612 1781 negotio

168 1797 372 1834 remotam
403 1790 776 1846 deprehendemus.
838 1791 933 1839 Qua
962 1791 1005 1832 in
1035 1804 1081 1833 re
1112 1792 1317 1846 quomodo
1348 1805 1440 1834 sese
1469 1792 1701 1846 gesserint,
1748 1792 1832 1832 iam
1861 1805 2043 1844 mecum,
2074 1791 2108 1833 si
2147 1791 2310 1846 placet,
2341 1805 2612 1848 recognosce:

170 1873 252 1915 quo
281 1860 392 1901 facto
422 1859 594 1900 statuite
625 1858 774 1900 illaenc
805 1858 1043 1914 explicandi
1074 1859 1256 1901 rationes
1294 1860 1376 1901 sint
1405 1860 1649 1915 probandae
1692 1873 1747 1901 an
1784 1859 1906 1914 longe
1943 1859 2026 1900 alia
2070 1859 2135 1901 via
2174 1859 2226 1900 sit
2268 1859 2473 1913 incunda,
2506 1874 2613 1916 quae

169 1927 362 1970 omnibus
392 1927 471 1968 illis
502 1926 685 1968 artificiis
716 1925 1000 1969 subtilioribus
1035 1927 1186 1983 spretis
1217 1932 1340 1982 atquc
1371 1927 1594 1983 neglectis,
1626 1927 1783 1970 nodum
1812 1926 1929 1968 illum
1959 1926 2287 1969 indissolubilem
2316 1927 2611 1971 discindamus.

168 1996 298 2050 Apud
328 1995 599 2036 scholiastam
629 2002 670 2035 et
702 1994 815 2048 apud
844 1994 1114 2036 Eustathium
1144 1996 1202 2036 nil
1232 1996 1283 2037 de
1311 1996 1392 2038 hoc
1422 1997 1511 2037 loeo
1542 1996 1787 2038 invenimus,
1849 1994 2005 2036 Contra
2029 1995 2069 2037 J.
2098 1994 2144 2037 U.
2167 1994 2366 2037 Faesium
2394 2009 2478 2037 non
2505 1995 2615 2050 fugit

167 2062 272 2106 haec
303 2061 538 2106 difficultas.
570 2061 629 2103 At
661 2062 732 2118 qui
762 2075 854 2104 sese
885 2061 1119 2120 expedivit!
1158 2062 1471 2107 Coniiciendum
1501 2077 1592 2106 esse
1622 2063 1681 2106 ait
1710 2066 1878 2119 poetam
1908 2061 1972 2104 his
2002 2061 2140 2105 verbis
2170 2062 2404 2119 significare
2434 2062 2614 2106 voluisse

166 2131 337 2172 Delium
368 2135 495 2171 antea
525 2143 690 2183 quoque
723 2130 808 2170 iam
839 2131 1088 2171 consedisse.
1149 2131 1247 2185 lpse
1278 2132 1446 2185 quidem
1476 2145 1558 2172 non
1591 2136 1727 2186 potest
1757 2144 1840 2171 non
1881 2131 2075 2171 continuo
2106 2132 2291 2171 confiteri
2329 2132 2407 2172 hac
2436 2132 2615 2186 explica-

169 2199 282 2240 tione
313 2198 603 2239 difficultatem
634 2211 717 2237 non
749 2199 965 2240 removeri.
1038 2198 1171 2240 Addit
1202 2200 1337 2241 enim:
1380 2212 1498 2241 wozu
1528 2199 1616 2241 sich
1646 2199 1748 2240 aber
1776 2199 1833 2240 im
1864 2197 2250 2253 Vorhergehenden
2280 2203 2385 2240 trotz
2416 2198 2490 2241 der
2509 2198 2615 2240 Auf-

169 2267 400 2320 forderung
431 2266 554 2307 keine
585 2265 836 2307 schicklichc
867 2265 996 2307 Stelle
1027 2266 1168 2308 findet.
1228 2267 1362 2309 Alteri
1392 2268 1451 2309 illi
1481 2267 1741 2319 difficultati,
1780 2281 1906 2322 quam
1935 2267 2110 2309 Faesius
2139 2267 2302 2322 premit,
2328 2280 2411 2308 non
2440 2266 2617 2309 multum

173 2334 400 2376 tribuerim.
462 2334 575 2375 Nam
605 2335 686 2375 385
720 2333 896 2375 Laertes
918 2334 1064 2375 Ulixes
1086 2334 1359 2376 Telemachus
1391 2334 1528 2392 ἑξείης
1558 2334 1699 2382 ἕζοντο
1731 2335 1835 2375 κατὰ
1865 2333 2060 2388 κλισμούς
2090 2349 2133 2376 τε
2166 2333 2353 2390 θρόνους
2382 2349 2437 2376 τε.
2468 2334 2616 2377 Dolius

177 2406 317 2443 autem
349 2402 523 2443 considit
555 2400 755 2447 ἐυξέστοο
788 2400 854 2441 ἐπὶ
895 2400 1050 2457 δίφρου
1083 2401 1265 2457 itemque
1301 2404 1388 2444 eius
1430 2403 1513 2445 filii.
1576 2404 1886 2459 Suspicandum
1930 2417 2022 2444 esse
2051 2404 2110 2444 ait
2153 2403 2223 2443 illa
2268 2403 2414 2444 sedilia
2451 2403 2618 2458 generis

175 2470 357 2511 melioris
390 2470 472 2509 iam
502 2470 641 2510 omnia
672 2469 725 2510 ab
759 2469 993 2525 hospitibus
1024 2471 1153 2511 fuisse
1184 2476 1406 2526 occupata,
1438 2477 1658 2527 praetcrea
1688 2471 1860 2513 Dolium
1890 2471 2062 2526 eiusque
2092 2471 2197 2512 filios
2228 2471 2317 2511 sinc
2347 2470 2473 2512 dubio
2502 2470 2619 2511 vilio-

173 2537 290 2578 ribus
320 2537 400 2577 illis
441 2536 639 2577 sedilibus
679 2538 806 2577 fuisse
853 2541 1081 2578 contentos.
1143 2538 1279 2585 Quam
1322 2540 1491 2595 quidem
1536 2553 1706 2580 causam
1744 2539 1847 2580 mihi
1877 2543 1987 2579 certe
2022 2551 2106 2579 non
2142 2538 2358 2593 probabit,
2406 2539 2491 2578 imo
2520 2551 2618 2579 vero

171 2605 273 2646 illud
292 2605 514 2645 discrimen
536 2618 561 2644 a
580 2604 724 2660 poetis,
756 2606 826 2659 qui
856 2609 1086 2646 metrorum
1107 2607 1351 2647 necessitate
1372 2608 1638 2662 numerisque
1659 2612 1778 2648 crant
1798 2607 1998 2658 adstricti,
2019 2607 2114 2662 plus
2135 2607 2264 2647 semel
2285 2611 2348 2647 est
2367 2606 2617 2660 neglectum.

378 2664 568 2714 Similem
600 2672 709 2713 viam
749 2673 962 2727 ingressus
992 2679 1057 2716 est
1089 2676 1183 2717 Uar.
1220 2674 1283 2715 Fr.
1313 2675 1473 2729 Ameis,
1512 2688 1771 2732 quamquam
1800 2674 1840 2716 h.
1870 2675 1896 2716 l.
1928 2679 2039 2716 recte
2070 2674 2215 2717 laudat
2240 2688 2271 2730 ρ
2307 2675 2402 2716 602.
2460 2673 2546 2716 Per
2574 2687 2620 2716 se

175 2748 320 2797 patere
353 2742 412 2781 ait
442 2741 614 2781 Delium
651 2741 761 2781 Ulixi
792 2741 1071 2783 hortationem
1103 2744 1187 2783 394
1211 2750 1398 2785 secutum
1426 2758 1518 2785 esse
1548 2744 1663 2795 ilico,
1695 2744 1770 2784 sed
1800 2743 1969 2799 paululo
1999 2754 2094 2798 post
2124 2745 2204 2784 397
2237 2744 2373 2784 denuo
2403 2742 2622 2784 exsiluisse

174 2809 318 2863 itaque
349 2809 392 2848 in
423 2808 546 2849 simili
587 2822 632 2849 re
666 2808 966 2850 Telemachum
997 2824 1024 2849 α
1058 2812 1137 2850 119
1168 2816 1210 2851 et
1236 2810 1475 2867 Penelopen
1511 2812 1543 2865 ψ
1574 2813 1654 2852 207
1686 2812 1837 2852 facere.
1867 2810 1927 2851 At
1955 2810 2020 2851 his
2051 2823 2155 2866 quos
2184 2810 2307 2851 affert
2335 2810 2436 2851 locis
2462 2823 2620 2863 vereor,

170 2890 225 2917 ne
241 2877 300 2916 nil
320 2877 534 2931 probetur.
567 2876 688 2917 Idem
714 2877 961 2918 modestiam
976 2877 1091 2919 Dolii
1112 2882 1154 2918 et
1175 2878 1354 2919 filiorum
1378 2879 1494 2920 Dolii
1508 2879 1665 2920 laudat.
1695 2879 1828 2919 Addit
1857 2878 2026 2919 omnino
2057 2879 2101 2918 in
2115 2879 2247 2919 altera
2268 2878 2484 2933 Odysseae
2502 2881 2622 2933 parte

171 2944 455 2985 narrationem
478 2944 645 2985 brevius
667 2949 793 2999 atque
813 2945 1022 2987 astrictius
1039 2959 1131 2987 esse
1146 2946 1392 2988 institutam.
1407 2946 1514 2987 Mihi
1529 2946 1698 3001 quidem
1718 2946 1776 2987 nil
1795 2945 1932 2987 minus
1954 2950 2053 3001 apte
2071 2946 2113 2987 h.
2136 2945 2162 2986 l.
2182 2945 2285 3000 fingi
2304 2959 2428 3001 posse
2446 2945 2622 2998 videtur,

173 3024 302 3066 quam
333 3012 444 3065 quod
476 3011 687 3052 affirmant
717 3011 910 3065 Delium,
948 3026 1113 3055 summo
1142 3013 1296 3067 gaudio
1325 3018 1452 3069 atque
1488 3013 1666 3066 laetitia,
1716 3013 1830 3068 quod
1858 3013 2030 3055 tandem
2057 3017 2154 3070 post
2189 3012 2361 3068 longam
2389 3012 2623 3055 absentiam

173 3077 390 3120 dominum
421 3079 544 3121 unice
575 3078 771 3139 dilectum
801 3084 1080 3134 conspexerat
1108 3093 1343 3131 reversum,
1376 3079 1565 3123 defixum
1592 3093 1729 3136 paene
1770 3084 1898 3137 atque
1932 3079 2268 3137 obstupefactum
2298 3080 2492 3124 continuo
2512 3080 2623 3123 dicto

174 3145 415 3187 audientem
446 3146 685 3189 consedisse
714 3146 769 3189 ad
800 3160 997 3199 coenam,
1043 3153 1133 3189 tum
1172 3162 1271 3190 vero
1309 3148 1522 3204 extemplo
1552 3148 1742 3192 eiusdem
1771 3148 1872 3192 dicti
1906 3148 2196 3191 immemorem
2233 3149 2463 3192 surrexisse
2491 3148 2623 3192 domi-

176 3225 360 3320 npmque
389 3227 485 3255 esse
515 3215 794 3269 complexum.
855 3215 969 3257 Num
1007 3216 1080 3257 filii
1110 3228 1278 3271 quoque
1309 3216 1420 3258 Dolii
1460 3217 1737 3259 consederunt
1772 3221 1815 3259 et
1844 3216 1982 3258 denuo
2012 3221 2283 3259 surrexerunt
2322 3217 2453 3273 patris
2481 3230 2623 3259 exem-

173 3293 201 3335 p
217 3293 289 3321 um
319 3281 480 3323 secuti?
