2798 3744
1167 113 1217 118 -
1351 84 1374 132 7
1505 113 1554 117 -

351 210 607 254 Prudentius
649 211 777 268 igitur
818 215 947 269 atqne
988 211 1149 255 cautius
1192 211 1393 255 iudicavit
1419 210 1630 255 Henricus
1665 210 1929 264 Duntzerus,
1978 210 2052 267 qui
2089 214 2260 267 poetam
2287 211 2328 253 h.
2360 211 2386 253 1.
2416 216 2587 255 accusat

150 277 456 335 negligentiae,
494 292 626 335 quum
653 282 780 322 antea
807 278 996 322 nondum
1023 278 1202 322 sedisset
1228 278 1394 323 Delius.
1451 278 1513 322 At
1540 292 1651 335 quae
1678 276 1958 335 negligentia!
2013 276 2179 321 Vellem
2213 277 2390 323 dixisset
2421 293 2588 324 somno-

150 344 334 389 lentiam.
380 345 521 390 Pravo
549 346 663 390 enim
689 345 770 389 iste
797 345 935 390 studio
964 345 1159 390 inductus
1187 345 1347 391 alienos
1374 359 1520 391 versus
1548 345 1594 389 in
1621 359 1743 390 suam
1769 359 1860 390 rem
1888 343 2158 389 convertendi
2186 345 2376 401 quemvis
2404 360 2586 401 versum,

152 426 277 470 quem
304 415 406 457 satis
436 413 644 471 quadrare
672 413 944 470 opinabatur,
973 427 1050 458 suo
1079 414 1255 458 carmini
1281 414 1470 458 intexuit
1529 412 1659 457 Velut
1686 413 1729 456 h.
1759 413 1785 456 1.
1814 426 1984 457 versum
2021 425 2148 469 quem
2188 413 2390 456 memoria
2416 413 2590 457 tenebat

149 481 309 539 recepit
336 481 606 540 ineptissime.
664 480 845 538 Propria
880 482 992 524 enim
1020 486 1065 525 et
1100 483 1284 538 genuina
1325 482 1416 526 eius
1452 482 1575 525 sedes
1611 486 1676 524 est
1700 497 1731 538 ρ
1760 482 1844 524 602
1873 484 2002 538 atque
2035 480 2096 524 ibi
2131 482 2271 525 omnia
2298 480 2407 525 bene
2435 495 2482 526 se
2510 482 2586 525 ha·

150 548 263 592 bent.
321 550 436 593 Nam
463 549 690 603 Eumaeus,
720 549 792 605 qui
822 553 948 591 antea
976 549 1163 604 sederat,
1198 550 1337 593 denuo
1366 549 1604 592 consedisse
1633 553 1837 592 narratur.
1882 549 1979 592 Hoc
2007 562 2106 592 vero
2135 549 2226 592 loco
2254 563 2338 592 non
2366 550 2586 593 excusabi-

149 631 242 660 mus
270 621 442 674 poetam
485 616 771 672 confugientes
811 616 867 659 ad
904 617 1019 659 illam
1056 617 1317 660 reticentiam
1352 617 1629 669 homericam,
1678 617 1954 660 concedemus
1991 617 2131 674 potius
2167 616 2277 660 hunc
2311 623 2482 675 poetam
2509 632 2586 662 suo

148 685 317 742 ingenio
347 683 530 727 diffisum
557 697 721 740 pannos
750 684 935 741 undique
965 684 1177 727 desumtos
1205 685 1317 728 male
1345 686 1463 738 vesti,
1493 698 1622 741 quam
1651 686 1743 741 ipse
1771 684 2006 727 confecerat
2032 685 2261 728 intexuisse
2289 690 2375 728 tam
2404 686 2582 740 inficete,

150 757 197 796 ut
223 753 387 796 furtum·
408 752 468 795 ita
497 765 583 794 non
610 757 753 808 posset
780 756 944 809 tegere,
973 756 1021 796 ut
1047 753 1091 795 in
1119 752 1212 809 ipso
1241 752 1351 795 furto
1380 752 1729 811 deprehendatur.

351 819 647 875 Adiungamus
677 820 871 877 exemplo
903 819 1122 876 Odysseae
1150 820 1280 862 alium
1318 819 1455 862 locum
1483 834 1538 863 ex
1566 819 1701 862 Iliade
1730 820 1988 873 desumtum,
2037 821 2110 876 qui
2147 826 2190 863 et
2217 822 2307 877 ipse
2335 821 2581 878 interpretes
2636 811 2639 817 Α
2713 814 2719 819 ’

149 887 259 930 male
285 886 426 930 habet.
471 887 612 938 Quum
637 887 789 931 Achivi
816 888 975 945 proelio
1005 888 1103 931 victi
1129 887 1311 930 Nestore
1329 891 1497 931 auctore
1525 901 1603 945 per
1629 887 1791 944 legatos
1820 887 2130 931 constituissent
2156 887 2332 931 Achillis
2361 888 2466 930 iram
2494 890 2584 946 pla-

150 955 329 997 candam
347 969 461 1010 esse,
492 956 679 998 eiusdem
696 956 887 998 Nestoris
914 956 1034 998 iussu
1061 960 1147 998 tres
1175 955 1306 1011 legati
1334 955 1543 1011 eliguntur
1561 955 1754 998 Phoenix
1773 960 1816 997 et
1833 956 1949 998 Aiax
1968 959 2011 998 et
2041 956 2211 1009 Ulixes,
2241 956 2325 998 duo
2352 956 2403 997 iis
2422 957 2582 999 addun-

147 1028 216 1064 tur
243 1036 472 1080 praecones
500 1023 524 1065 1
554 1025 788 1066 168-170,
841 1024 982 1065 Nihilo
1011 1028 1154 1066 autem
1190 1024 1330 1066 minus
1358 1023 1536 1079 legimus
1567 1023 1619 1064 de
1649 1023 1713 1064 his
1750 1023 1884 1065 tribus
1912 1024 1980 1065 vel
2008 1024 2193 1080 quinque
2222 1023 2461 1066 hominibus
2489 1039 2583 1081 pro-

147 1092 305 1135 miscue
332 1091 456 1134 modo
484 1091 701 1149 pluralem,
720 1091 780 1135 ita
799 1092 860 1135 uti
879 1096 969 1135 erat
987 1105 1106 1150 opus,
1125 1091 1252 1135 modo
1272 1091 1459 1134 dualem:
1483 1092 1564 1134 178
1580 1091 1793 1148 ὡρμῶνθ,
1812 1092 1892 1134 182
1914 1090 1973 1132 τὼ
1993 1089 2043 1132 δὲ
2058 1090 2213 1150 βάτην,
2246 1092 2326 1134 183
2346 1090 2578 1150 εὐχομένω,

150 1161 231 1203 185
260 1158 449 1218 ἱκέσθην,
482 1161 561 1203 186
601 1159 746 1216 εὖρον,
779 1162 858 1203 192
899 1161 958 1202 τὼ
988 1160 1038 1202 δὲ
1063 1160 1203 1218 βάτην
1234 1159 1453 1216 προτέρω,
1507 1161 1586 1202 193
1616 1160 1718 1201 στὰν
1753 1159 1824 1213 δὲ,
1856 1161 1937 1202 196
1967 1160 2027 1201 τὼ
2063 1160 2130 1200 καὶ
2159 1158 2445 1214 δεικνύμενος,
2500 1162 2578 1203 197

140 1228 342 1286 χαίρετον
362 1244 373 1254 ·
418 1227 444 1284 ἦ
474 1227 579 1284 φίλοι
609 1227 767 1285 ἄνδρες·
793 1229 998 1282 ικάνετον,
1047 1229 1127 1271 198
1171 1226 1358 1284 φίλτατοί
1384 1226 1503 1269 ἐστον
1519 1260 1530 1281 ,
1580 1229 1663 1270 204
1693 1229 1729 1267 οἱ
1767 1227 1850 1283 γὰρ
1880 1226 2064 1282 φίλτατοι
2103 1225 2260 1282 ἄνδρες
2300 1227 2390 1283 ἐμῷ
2432 1228 2582 1270 ὑπέασι

143 1294 364 1351 μελάθρῳ.
421 1296 532 1339 Rem
562 1310 664 1339 sane
692 1296 841 1338 miram
870 1301 999 1353 atque
1027 1296 1240 1339 difficilem
1268 1295 1490 1352 explicatu.

350 1363 482 1406 Henr.
503 1364 673 1420 quidem
689 1364 928 1406 Dfintzerus
957 1363 1068 1407 hanc
1096 1363 1383 1406 difficultatem
1410 1362 1605 1405 facillimo
1635 1363 1802 1405 sustulit
1823 1363 2016 1418 negotio3
2034 1375 2178 1404 omnes
2208 1363 2317 1404 enim
2346 1376 2510 1417 versus,
2540 1366 2582 1406 in

147 1431 299 1487 quibus
328 1435 392 1474 est
420 1431 577 1485 dualis,
623 1432 695 1488 qui
741 1431 810 1473 1110
847 1432 983 1474 10011111
1011 1445 1096 1474 11011
1125 1430 1273 1485 habet,
1304 1430 1578 1473 audacissime
1608 1430 1828 1473 eiiciendos
1858 1443 1951 1473 0330
1993 1429 2149 1471 statuit.
2194 1429 2318 1471 Delet
2347 1444 2411 1472 vv.
2443 1434 2578 1474 182-

150 1500 252 1552 185,
284 1500 387 1553 192,
421 1500 499 1541 195
524 1500 653 1543 -199,

346 1567 489 1609 Aliam
518 1567 630 1610 viam
658 1568 872 1623 ingressus
903 1572 967 1609 est
994 1567 1035 1610 J.
1066 1566 1119 1609 U.
1150 1567 1339 1610 Faesius.
1414 1566 1669 1609 Phoenicem
1699 1567 1757 1609 ait
1786 1566 2095 1623 quodammodo
2125 1566 2179 1607 ad
2209 1566 2320 1607 viam
2350 1575 2582 1609 monstran-

146 1636 245 1677 dam
274 1639 383 1690 (erat
410 1649 561 1692 nempe
599 1635 671 1677 illa
706 1635 910 1677 difficilior
955 1635 1148 1691 inventu)
1188 1635 1352 1677 duobus
1391 1635 1540 1691 legatis
1579 1635 1769 1676 additum
1798 1648 1914 1687 esse,
1962 1634 2141 1675 fortasse
2171 1647 2267 1675 eum
2303 1634 2461 1676 iussum
2491 1649 2583 1678 esse

146 1708 243 1745 ante
272 1707 431 1745 ceteros
462 1703 517 1745 ad
545 1702 755 1745 Achillem
785 1716 878 1745 sese
908 1703 1117 1756 conferre,
1166 1716 1216 1745 00
1246 1702 1452 1759 pertinere
1489 1702 1602 1759 quod
1641 1707 1788 1759 postea
1827 1701 1962 1743 dualis
1999 1706 2235 1758 usurpetur.
2316 1701 2455 1751 Quam
2494 1717 2583 1745 rem

145 1776 192 1812 ut
221 1772 280 1812 ita
309 1771 604 1827 explicandam
633 1784 726 1813 esse
759 1772 1024 1828 opinaretur,
1055 1771 1260 1813 adductus
1289 1775 1354 1813 est
1381 1771 1470 1812 sine
1501 1770 1628 1812 dubio
1657 1771 1902 1812 auctoritate
1918 1770 2313 1822 Alexandrinorum,
2345 1783 2450 1826 quos
2480 1771 2586 1813 haec

145 1838 367 1880 difficultas
396 1852 481 1880 non
511 1839 710 1895 fugerat,
755 1839 817 1893 **)
862 1853 1041 1895 eamque
1078 1839 1203 1880 simili
1245 1839 1407 1880 ratione
1435 1839 1768 1895 explicaverant,
1816 1838 1989 1895 quidam
2017 1851 2073 1879 ex
2102 1838 2151 1878 iis
2185 1839 2262 1878 185
2293 1837 2450 1891 ἵκοντο,
2506 1840 2583 1881 194

147 1906 244 1953 τούς
270 1911 533 1963 receperant,
562 1907 750 1963 reliquae
770 1920 869 1950 vero
889 1907 1052 1950 formae
1083 1907 1218 1949 dualis
1240 1920 1324 1950 non
1341 1910 1429 1949 tam
1446 1907 1569 1950 facile
1598 1911 1792 1963 poterant
1821 1907 1987 1948 mutari.
2017 1907 2154 1948 Aliter
2171 1906 2224 1948 de
2245 1906 2325 1947 hac
2348 1920 2394 1948 re
2424 1907 2581 1949 iudica-

145 1974 204 2015 vit
231 1974 288 2016 H.
318 1974 506 2015 Diintzer
538 1975 582 2014 in
621 1975 802 2015 editione
836 1975 981 2016 iliadis
1025 1975 1080 2015 ad
1118 1987 1241 2014 usum
1270 1974 1568 2030 discipulorum
1597 1974 1826 2026 destinata,
1876 1975 2031 2015 etenim
2061 1974 2117 2014 ad
2144 1974 2168 2013 I
2200 1976 2280 2014 128
2310 1973 2431 2014 dicit:
2481 1975 2581 2026 „der

144 2043 258 2083 Dual
285 2043 376 2084 hier
408 2044 507 2095 185,
543 2044 622 2083 192
651 2043 738 2084 und
773 2045 850 2084 197
881 2044 924 2095 f.,
968 2043 1023 2084 da
1060 2043 1136 2084 der
1162 2042 1339 2084 Dichter
1365 2057 1444 2083 nur
1472 2057 1529 2083 an
1558 2043 1626 2084 die
1656 2042 1807 2084 beiden
1836 2042 2220 2098 Hauptgesandten
2249 2041 2466 2097 Odysseus
2495 2044 2580 2084 und

142 2108 337 2153 Phoenix
367 2109 533 2152 denkt.“
595 2109 714 2159 Quae
743 2109 965 2166 explicatio
1011 2122 1139 2166 quam
1167 2110 1222 2152 sit
1250 2109 1411 2152 lubrica
1448 2109 1589 2152 nescio
1627 2123 1683 2152 an
1711 2110 1811 2152 inde
1840 2110 2104 2166 potissimum
2133 2108 2428 2165 perspiciatur,
2468 2110 2580 2166 quod

143 2179 228 2220 iam
256 2178 389 2220 multo
418 2181 516 2219 ante
542 2176 728 2234 Koppen
755 2177 853 2232 m),
885 2178 960 2234 qui
990 2179 1034 2220 in
1063 2178 1241 2221 eandem
1270 2178 1359 2221 fere
1388 2179 1637 2220 sententiam
1657 2178 1907 2234 disputavit,
1939 2178 2171 2220 contendit:
2202 2190 2295 2219 esse
2329 2179 2417 2219 veri
2450 2179 2581 2220 simil-

141 2247 288 2289 limum
316 2246 431 2288 duali
459 2245 683 2302 significari
713 2246 884 2288 Ulixem
921 2250 963 2289 et
990 2247 1190 2301 Aiacem,
1238 2247 1298 2289 ita
1326 2250 1374 2289 ut
1408 2251 1534 2303 poeta
1570 2251 1711 2303 partes
1739 2246 1965 2289 Phoenicis
2005 2246 2211 2288 secundas
2249 2245 2378 2287 tuisse
2408 2251 2578 2288 statuat.

142 2316 202 2356 At
229 2315 298 2356 ille
328 2314 498 2370 quidem
536 2314 649 2369 quod
687 2315 819 2357 altera
848 2315 921 2356 dat
948 2328 1099 2368 manu,
1130 2315 1271 2357 statim
1301 2315 1446 2357 adimit
1487 2316 1629 2357 altera.
1691 2314 1823 2356 Addit
1853 2315 1986 2356 enim:
2026 2314 2106 2355 hoc
2143 2314 2312 2369 quidem
2341 2327 2581 2370 repugnare

142 2381 331 2424 versibus
364 2383 467 2435 168,
498 2383 602 2435 223,
633 2382 739 2424 aliis.

349 2451 409 2492 At
438 2450 491 2492 de
520 2449 585 2491 his
615 2450 715 2492 locis
745 2450 867 2492 aliter
897 2464 988 2492 0330
1016 2450 1285 2493 iudicandum
1315 2452 1408 2507 quis
1438 2457 1502 2493 031
1531 2452 1630 2507 quin
1661 2451 1832 2493 videat?
1890 2451 2034 2505 Atque
2063 2451 2244 2505 primum
2273 2450 2441 2505 quidem
2473 2452 2582 2493 unde

143 2518 348 2573 colligitur
389 2516 644 2560 Phoenicem
687 2517 850 2560 duobus
905 2518 1055 2574 legatis
1103 2518 1298 2560 comitem
1341 2532 1433 2561 0330
1484 2519 1672 2561 additum
1716 2531 1853 2574 neque
1897 2519 1937 2560 ei
1976 2517 2235 2559 auctoritatis
2275 2521 2439 2560 tantum
2474 2519 2578 2572 dari,

141 2590 344 2643 quantum
373 2585 489 2627 Ulixi
517 2590 559 2628 et
585 2585 743 2628 Aiaci?
786 2585 899 2627 Nam
928 2600 983 2628 ex
1012 2584 1150 2628 verbis
1179 2585 1369 2628 Nestoris
1401 2588 1481 2629 168
1514 2585 1654 2633 Φοῖνιξ
1674 2585 1753 2641 μὲν
1786 2585 2000 2641 πρώτιστα
2031 2583 2205 2640 ὃιίφιλος
2234 2583 2469 2642 ἡγησάσθω
2500 2585 2580 2629 1100

141 2662 252 2698 certe
290 2655 383 2697 01101
416 2655 531 2697 1111110
560 2655 684 2697 1110ἁο
722 2655 899 2711 poterit,
938 2655 1024 2697 imo
1053 2669 1153 2698 vero
1181 2655 1361 2697 multum
1388 2655 1515 2698 tribui
1543 2656 1706 2699 videtur
1733 2654 1958 2708 Phoenici,
2000 2655 2116 2696 cuius
2145 2654 2408 2710 potissimum
2437 2662 2579 2698 aucto-

138 2724 260 2765 ritate
290 2726 541 2765 commotum
569 2722 778 2765 Achillem
808 2722 1002 2779 precibus
1031 2722 1289 2765 Achivorum
1317 2723 1702 2780 obtemperaturum
1730 2724 1819 2766 veri
1847 2722 1982 2765 simile
2011 2728 2087 2765 est.
2125 2721 2241 2764 Nihil
2270 2727 2412 2765 autem
2440 2724 2576 2779 magis

139 2791 342 2833 insulsum
371 2804 499 2847 quam
527 2794 710 2832 statuere
737 2790 994 2834 Phoenicem
1027 2790 1190 2834 duobus
1220 2791 1311 2834 aliis
1339 2792 1454 2848 prius
1484 2792 1539 2834 ad
1567 2791 1777 2835 Achillem
1806 2790 1967 2844 adisse,
2010 2790 2091 2833 1100
2126 2794 2237 2833 certe
2266 2790 2405 2833 dicere
2433 2790 2577 2834 debuit

137 2862 275 2916 poeta.
334 2858 446 2901 Nam
475 2858 547 2915 qui
574 2857 731 2901 factum
759 2858 834 2912 sit,
880 2862 927 2901 ut
957 2858 1152 2902 Phoenix
1179 2858 1412 2916 Myrmido,
1457 2873 1585 2916 quem
1627 2863 1775 2917 postea
1809 2858 1999 2902 Achilles
2037 2859 2210 2911 retinet,
2259 2858 2373 2915 apud
2419 2863 2575 2901 ceteros

139 2930 250 2967 esset
279 2926 485 2979 Graecos,
529 2926 573 2968 id
609 2926 820 2982 explicare
848 2930 1038 2968 nostrum
1064 2940 1152 2969 non
1181 2931 1246 2969 est
1259 2958 1271 2980 ,
1319 2927 1363 2969 id
1391 2928 1450 2969 ita
1478 2941 1571 2969 esse
1609 2929 1667 2980 is,
1718 2928 1790 2983 qui
1828 2940 1984 2969 nonam
2019 2926 2289 2982 rhapsodiam
2328 2926 2571 2981 composuit,

183 3107 218 3149 ⁴²)
264 3108 461 3142 Aristarch.
486 3108 692 3142 Paderbom
718 3111 772 3141 62.
813 3100 846 3152 p
875 3112 952 3144 145.

166 3163 221 3205 **)
268 3163 312 3197 of.
336 3164 446 3198 schol.
473 3165 519 3198 ad
543 3164 561 3197 1
586 3166 673 3207 182,
699 3167 780 3208 135,
807 3167 889 3208 193,
914 3167 991 3199 197.

148 3219 225 3261 ***)
273 3219 493 3255 Erkliirende
514 3221 621 3255 Amn.
645 3232 725 3256 zum
749 3221 891 3256 Homer.
916 3221 971 3255 111
996 3221 1161 3256 Hannov.
1192 3222 1283 3256 1790
1306 3232 1343 3265 p.
1368 3223 1442 3256 182.
