2798 3744
111 194 751 252 ἓοειὶὴιόὶιὶεάιιιιιο-ιίτῳιίοι
786 194 1111 251 adseram&
1129 193 1278 247 liceat,
1323 193 1361 237 ei
1390 194 1538 238 Ulixes
1576 195 1670 253 pari
1707 196 1890 252 nemoris
1928 196 2328 254 roboropraodim
2350 198 2559 253 redii-et,

111 268 407 317 hammon
434 277 587 320 procos
612 263 862 320 nuptiarum
883 261 1130 319 posnitetet-
1187 260 1353 305 Eodem
1389 263 1571 318 pertinet
1602 262 1759 307 Nestor
1796 263 1850 306 de
1887 263 2042 316 rebus,
2091 279 2200 320 quas
2225 266 2326 310 olim
2352 272 2557 323 gesserat,

112 331 374 389 praedicans.
431 330 668 389 Nusquam
681 330 763 380 ille
781 328 963 386 quidem
980 327 1108 375 dicit:
1136 327 1299 375 utinam
1334 329 1461 372 tantis
1489 329 1647 373 viribus
1676 335 1835 384 uterer,
1865 332 2034 388 quantis
2063 336 2155 376 tum
2181 333 2397 387 florebam,
2426 349 2560 390 quum

112 399 223 451 bene
250 399 395 456 potavi
422 402 550 456 atque
579 398 833 446 comissatus-
853 411 961 460 sum,
978 395 1054 441 sed
1082 410 1214 453 quum
1243 396 1470 440 certamine
1488 396 1693 453 singulari
1705 398 1906 454 μήκιστον
1926 400 1994 441 καὶ
2012 399 2231 454 κάρτιστον
2250 401 2400 442 κτάνον
2421 400 2562 456 ἄνδρα

115 467 159 510 Η
184 468 289 522 124,
320 471 364 512 et
399 465 548 521 ὅτ’ἐγὼ
576 464 727 510 κτάνον
756 455 974 521 Ἰτυμονῆα
1002 463 1037 506 Λ
1067 465 1164 508 672.
1153 496 1178 519 .,
1223 478 1354 521 quum
1382 464 1492 508 ludis
1519 463 1807 509 funebribus
1794 480 1840 509 ιιι
1868 467 1982 510 οιιιιιὶ
2011 468 2286 513 certaminum
2314 483 2472 525 genere
2503 469 2562 512 vi-

114 535 289 580 ctoriam
316 533 529 593 reportavi
565 532 607 575 Ψ
627 533 710 578 633
741 546 832 591 sqq.
834 564 847 587 ,
876 531 1015 576 minus
1044 534 1144 589 apte
1173 531 1201 579 ἔ
1226 532 1322 575 468.
1352 531 1450 575 503.
1499 531 1659 575 Verum
1688 537 1735 576 ut
1763 533 1935 577 tandem
1964 533 2189 592 aliquando
2219 535 2275 580 ad
2302 541 2559 614 postremam

114 604 270 648 Iliadis.
290 601 586 661 rhapsodiam,
631 601 685 645 de
714 613 799 657 qua
827 600 1044 658 disputare
1080 599 1360 654 instituimus,
1390 604 1669 659 revertamur,
1701 605 1839 658 poeta,
1869 602 1941 659 qui
1968 602 2084 647 illam
2118 605 2363 662 composuit,
2394 609 2438 649 et
2466 605 2558 662 ipse

114 673 211 730 plus
239 672 371 714 semel
398 670 529 712 nimia
548 669 777 726 cupiditate
806 669 944 711 aliena
963 669 1008 710 in
1036 681 1160 709 suum
1179 680 1303 709 usum
1322 669 1590 710 convertendi
1618 672 1863 711 occaecatus
1893 671 2082 727 peccavit
2109 673 2367 728 gravissime.
2428 672 2557 715 Cuius

115 743 177 783 rei
206 740 450 794 exemplum
486 739 555 780 vel
593 738 967 780 lucidentissimum
1003 737 1049 778 in
1084 737 1224 791 priore
1259 736 1385 777 huius
1424 737 1726 779 dissertationis
1764 744 1884 792 parte
1913 740 2147 786 ostendisse
2174 741 2278 781 mihi
2305 743 2418 783 visus
2449 756 2556 783 sum.

115 809 273 851 Contra
301 805 437 850 Henr.
467 804 708 849 Diintzerus
727 804 882 862 partim
911 804 1079 862 opinor,
1108 818 1163 847 ne
1192 806 1432 860 postremae
1460 803 1606 848 Iliadis
1636 804 1908 861 rhapsodiae,
1940 806 2058 849 cuius
2087 806 2187 850 olim
2215 813 2455 865 susceperat
2485 824 2558 865 pa-

113 876 358 929 trocinium,
408 874 693 919 defensionem
723 873 999 929 relinqueret,
1047 872 1202 929 partim
1232 885 1315 928 quo
1344 871 1485 928 plures
1515 873 1558 915 in
1599 877 1778 928 quatuor
1805 874 1951 930 primis
1982 874 2200 931 Odysseae
2238 875 2354 918 libris
2390 876 2559 919 demon-

114 947 265 986 straret
293 956 439 986 versus
469 942 637 985 aliunde
658 942 912 998 depromtos,
943 940 1155 983 contendit
1183 940 1236 993 *):
1270 939 1364 993 „die
1382 938 1700 996 Beschreibung
1730 941 1803 983 des
1826 942 2124 984 Bettmachens
2154 943 2241 985 und
2259 943 2560 999 Niederlegens

116 1010 145 1052 δ
173 1011 401 1053 296-305
432 1009 596 1052 scheint
623 1008 734 1051 nach
763 1006 802 1049 Ω
828 1009 1017 1060 643-7,
1048 1008 1216 1050 673-6
1246 1005 1444 1062 gemacht
1472 1020 1528 1048 zu
1555 1007 1667 1060 sein3
1691 1008 1740 1062 ja
1770 1022 1822 1049 zu
1851 1008 1947 1051 dem
1978 1008 2025 1050 ἐι
2054 1008 2104 1050 δὲ
2135 1009 2298 1056 Ξείνους·
2326 1008 2405 1061 ἄγε
2433 1010 2568 1065 κῆρυξ

115 1077 253 1123 diirfte
283 1077 351 1122 die
379 1077 424 1121 in
452 1090 563 1134 ganz
592 1075 746 1120 andrer
773 1075 921 1121 Weise
950 1074 1194 1133 erfolgende
1223 1073 1498 1132 Erwahnung
1537 1075 1612 1119 des
1641 1076 1778 1133 κῆρυξ
1803 1076 1879 1121 des
1907 1076 2101 1121 Priamos
2132 1079 2215 1121 674
2244 1077 2564 1133 Veranlassung

114 1146 310 1203 gegeben
338 1145 519 1189 haben!
582 1144 707 1194 Quod
735 1157 865 1199 quum
894 1144 1078 1196 diceret,
1117 1156 1266 1185 vereor
1293 1156 1348 1185 ne
1378 1156 1480 1185 sano
1510 1144 1581 1186 illo
1611 1148 1738 1199 atque
1766 1145 1906 1187 sobrio
1935 1145 2110 1198 iudicio,
2148 1160 2230 1202 quo
2261 1150 2421 1189 ceteros
2452 1146 2563 1188 locos

116 1213 401 1271 pertractavit,
431 1226 603 1269 prorsus
633 1212 855 1254 destitutus
884 1211 1014 1253 fuisse
1043 1210 1249 1252 videatur.
1303 1209 1464 1253 Evolve
1493 1214 1627 1252 totam
1656 1211 1855 1264 Iliadem,
1886 1212 2081 1268 perquire
2110 1227 2254 1255 omnes
2284 1213 2373 1255 cius
2403 1216 2563 1263 versus,

115 1283 153 1325 si
183 1295 313 1325 unum
341 1280 550 1324 inveneris
580 1280 738 1333 locum,
771 1294 855 1336 quo
884 1277 1029 1320 κλισίαι
1057 1277 1318 1321 Achivorum
1348 1278 1497 1320 domus
1527 1284 1750 1333 vocantur,
1790 1279 2053 1322 Diintzcrum
2082 1280 2124 1322 h.
2155 1281 2181 1322 l.
2217 1285 2376 1323 rectum
2407 1280 2562 1323 vidisse

116 1350 301 1393 statuito.
360 1349 421 1392 At
448 1349 528 1392 hoc
556 1349 648 1392 loco
678 1351 1028 1391 commemoratur
1057 1344 1241 1387 αἴθουσα
1270 1348 1374 1400 645,
1410 1346 1604 1402 μέγαρον
1635 1349 1740 1399 646,
1784 1362 1866 1402 προ
1842 1346 2001 1402 όὸομος
2031 1346 2082 1388 ὃό
2059 1363 2111 1402 ομ
2114 1363 2184 1396 ι,)υ
2221 1362 2328 1404 quae
2358 1348 2563 1391 vocabula

115 1419 273 1476 optime
303 1418 512 1475 quadrant
540 1418 584 1460 in
612 1417 774 1473 regiam
811 1420 853 1459 et
880 1414 1066 1459 Menelai
1096 1413 1124 1455 ὃ
1152 1416 1235 1458 296
1265 1428 1359 1470 sqq.
1389 1421 1431 1457 et
1458 1415 1627 1458 Alcinoi
1656 1431 1681 1472 η
1712 1416 1796 1458 336
1826 1430 1932 1471 sqq.,
1964 1430 2049 1458 non
2079 1416 2287 1472 quadrant
2315 1417 2359 1459 in
2386 1416 2562 1459 Achillis

114 1486 447 1531 tabernaculum.
502 1485 587 1529 Per
616 1498 663 1529 se
691 1484 821 1540 igitur
848 1486 966 1541 patet
1000 1482 1152 1526 horum
1180 1496 1378 1526 versuum
1407 1483 1551 1526 sedem
1580 1483 1793 1540 propriam
1823 1498 1915 1527 esse
1954 1484 1997 1526 in
2027 1484 2241 1541 Odyssea,
2271 1485 2464 1540 maleque
2492 1497 2564 1527 eos

116 1556 217 1599 inde
244 1555 300 1598 ab
329 1555 410 1597 hoc
438 1558 589 1610 poeta,
620 1553 692 1609 qui
721 1565 868 1595 eorum
897 1564 1027 1608 quum
1056 1551 1236 1594 similem
1265 1551 1518 1594 describeret
1547 1565 1637 1594 rem
1666 1546 2022 1605 reminisceretur,
2053 1552 2121 1595 hic
2150 1566 2242 1596 esse
2272 1553 2470 1609 prolatos.

320 1623 470 1665 Liceat
499 1621 604 1663 mihi
632 1620 770 1663 redire
799 1619 854 1662 ad
883 1620 997 1662 locos
1026 1618 1233 1675 quosdam
1261 1619 1386 1660 huius
1416 1619 1532 1671 libri,
1584 1619 1636 1661 de
1666 1619 1817 1675 quibus
1854 1620 1898 1661 in
1927 1620 2066 1676 priore
2105 1620 2409 1663 dissertationis
2447 1626 2566 1677 parte

115 1705 243 1747 agere
273 1691 427 1732 oblitus
457 1703 563 1731 sum.
602 1689 805 1744 Legimus
835 1688 880 1729 in
908 1703 947 1729 v.
969 1689 1050 1728 377
1085 1686 1291 1727 πέπνυσαί
1318 1701 1363 1727 τε
1382 1687 1466 1742 νόῳ
1479 1717 1490 1734 ,
1520 1692 1565 1728 at
1600 1701 1807 1743 nusquam
1837 1688 1937 1730 alibi
1975 1689 2090 1744 apud
2103 1688 2340 1731 Homerum
2369 1689 2448 1731 hoc
2478 1703 2567 1731 ver-

116 1760 218 1802 bum
248 1758 516 1813 coniungitur
544 1771 640 1799 cum
669 1755 932 1802 substantivo
962 1755 1037 1808 **),
1076 1754 1207 1797 habet
1236 1755 1320 1796 vim
1350 1755 1563 1810 sapiendi,
1607 1769 1745 1810 neque
1777 1758 1875 1801 νοῦς
1903 1770 2041 1812 neque
2072 1756 2209 1811 θυμός
2237 1770 2374 1812 neque
2409 1756 2570 1811 φρένες

114 1842 252 1884 neque
280 1826 413 1870 ullum
441 1824 556 1869 aliud
591 1822 797 1869 eiusmodi
825 1821 1076 1868 vocabulum
1113 1821 1317 1866 adiicitur.
1377 1821 1420 1866 cf
1453 1820 1486 1864 Ψ
1514 1824 1598 1866 440
1629 1821 1719 1866 ἐπεὶ
1747 1821 1802 1866 οὔ
1827 1826 1865 1866 σ’
1888 1822 2040 1878 ἔτυμόν
2071 1827 2108 1877 γ’
2140 1822 2301 1880 ἔφαμεν
2334 1822 2568 1867 πεπνῦσθαι

116 1893 287 1954 Ἀχαιοί,
306 1909 329 1936 κ
348 1893 430 1937 495
456 1893 515 1950 τῷ
530 1892 598 1935 καὶ
618 1891 821 1950 τεθνηῶτι
842 1890 937 1933 νόον
955 1890 1061 1947 πόρε
1074 1889 1302 1947 Περσεφύν
1306 1899 1393 1932 ειαὶ
1420 1888 1496 1947 οἵῳ
1521 1889 1765 1940 πεπνῦσθαι,
1786 1892 1818 1947 φ
1839 1893 1923 1936 210
1954 1890 2045 1934 ἐπεὶ
2067 1907 2168 1934 τατ-
2153 1907 2217 1949 ερ
2239 1890 2342 1934 ἄλλα
2355 1892 2537 1948 μάλιστα

115 1962 358 2020 ἀνθρώπων
384 1961 593 2014 πέπνυσο,
622 1960 890 2040 participium
919 1957 1183 2013 πεπνυμένος
1228 1936 1461 2001 sexcenties
1498 1959 1728 2013 invenitur,
1773 1973 1983 2016 nusquam
2011 1960 2205 2003 adiicitur
2232 1961 2440 2004 eiusmodi
2468 1962 2568 2004 sub-

114 2031 364 2085 stantivum3
411 2028 669 2088 Τηλέμαχος,
710 2027 910 2072 Ἀντίνοος
938 2027 1010 2069 alii
1038 2030 1240 2069 vocantur
1272 2040 1457 2082 πεπνυμε
1436 2041 1545 2076 ενοι,
1603 2027 1796 2070 dicuntur
1826 2027 2067 2083 πεπνυμένα
2093 2027 2239 2082 βάζειν
2269 2029 2292 2068 Ι
2315 2031 2391 2083 58,
2424 2028 2451 2069 ὃ
2470 2031 2567 2082 206,

118 2099 337 2156 ἀγορεύειν
369 2113 392 2138 τ
419 2100 526 2151 352,
569 2097 750 2154 π.μήδεα
779 2095 907 2140 εἰδώς·
928 2095 970 2136 H
996 2096 1099 2148 278,
1127 2094 1161 2148 β
1190 2096 1269 2149 38,
1301 2094 1329 2134 ὃ
1359 2097 1463 2148 696,
1496 2111 1529 2153 χ
1558 2098 1663 2149 361,
1703 2111 1739 2135 ω
1770 2098 1873 2150 4123
1906 2111 1947 2136 π.
1978 2096 2134 2137 εἰδέναι
2165 2096 2195 2136 θ
2224 2099 2328 2151 586,
2368 2112 2414 2136 νο
2401 2100 2573 2154 ιῆσαισ

115 2170 212 2209 230.
271 2168 357 2207 Ea
376 2166 505 2221 igitur
543 2166 634 2206 sine
664 2165 792 2206 dubio
826 2164 950 2204 huius
980 2168 1071 2205 erat
1099 2163 1218 2204 verbi
1246 2164 1333 2216 vis,
1371 2168 1417 2204 ut
1452 2164 1496 2204 in
1525 2178 1577 2206 ea
1606 2165 1700 2219 ipsa
1729 2165 1980 2219 significatio
2010 2165 2202 2220 sapiendi
2231 2166 2408 2217 inesset,
2449 2166 2572 2220 eique

114 2235 230 2278 aliud
259 2233 511 2277 vocabulum
549 2232 706 2275 addere
742 2245 1103 2288 supervacaneum
1131 2235 1259 2287 atque
1288 2231 1510 2274 molestum
1539 2231 1773 2274 videbatur.
1834 2229 1979 2275 Simile
2009 2232 2210 2288 quiddam
2238 2232 2320 2275 dici
2348 2238 2488 2289 potest
2518 2234 2569 2276 de

59 2310 61 2315 '
115 2320 153 2347 v.
175 2304 251 2348 171
286 2300 452 2358 θάρσει,
484 2299 725 2358 Δαρδανίδη
755 2298 944 2356 Πρίαμε,
979 2299 1106 2355 φρεσὶ
1129 2298 1245 2356 μηδέ
1277 2314 1311 2340 τι
1342 2298 1507 2356 τάρβει,
1547 2300 1642 2356 plus
1672 2299 1797 2342 vicies
1828 2299 2004 2342 verbum
2034 2298 2210 2357 θαῤῥεῖν
2241 2304 2305 2344 est
2334 2300 2449 2356 apud
2478 2300 2569 2343 110-

115 2385 301 2424 merum,
331 2383 541 2426 nusquam
569 2383 670 2412 vero
699 2368 915 2422 adiicitur,
945 2367 1058 2411 hunc
1085 2367 1225 2411 locum
1254 2368 1290 2410 si
1320 2368 1549 2424 exceperis,
1579 2382 1715 2424 neque
1745 2368 1875 2423 φρεσί
1905 2383 2043 2424 neque
2074 2366 2217 2424 θυμῷ,
2248 2383 2416 2425 semper
2446 2368 2569 2412 abso-

115 2441 201 2484 lute
230 2442 278 2482 ut
306 2438 424 2482 aiunt
453 2441 517 2481 est
545 2437 745 2494 positum.
796 2433 953 2480 Similis
982 2449 1091 2479 unus
1131 2435 1247 2480 locus
1285 2434 1332 2479 II
1354 2437 1435 2479 242
1467 2434 1682 2492 θάρσυνον
1713 2434 1763 2478 δέ
1794 2436 1833 2478 οἳ
1862 2434 1965 2492 ἦτορ
1997 2435 2056 2479 ἐνὶ
2086 2436 2241 2493 φρεσί,
2284 2441 2329 2480 at
2367 2436 2448 2481 hoc
2478 2438 2568 2480 loco

115 2506 175 2551 ἐνὶ
205 2506 336 2564 φρεσί
360 2519 446 2550 non
474 2505 630 2562 pendet
658 2518 714 2548 ex
744 2519 783 2548 v.
814 2502 1054 2560 θαρσύνειν.

319 2576 402 2619 409
448 2571 701 2633 προῦθηκεν.
746 2572 938 2617 Verbum
968 2572 1246 2631 compositum
1274 2572 1389 2630 apud
1417 2572 1653 2617 Homerum
1689 2572 1961 2628 rarissimum,
1994 2573 2109 2617 nulla
2142 2573 2264 2617 huius
2297 2573 2414 2618 verbi
2433 2573 2568 2619 forma

114 2646 196 2688 nisi
224 2660 252 2686 α
283 2646 364 2688 112
397 2642 611 2701 τραπέζας
638 2645 649 2698 {j
680 2642 788 2691 νίζον
818 2643 885 2684 καὶ
916 2640 1136 2699 πρότιθεν,
1175 2654 1275 2684 nam
1305 2641 1359 2685 de
1387 2642 1524 2684 forma
1556 2641 1786 2699 προθέουσι
1818 2643 1851 2683 Α
1868 2644 1947 2685 291
1982 2656 2049 2685 res
2079 2656 2230 2700 parum
2259 2643 2401 2699 liquet,
2432 2657 2571 2699 neque

114 2718 258 2755 tamen
286 2713 386 2753 huic
421 2712 483 2754 rei
512 2724 717 2768 magnum
744 2701 983 2766 tribuerim,
1028 2714 1073 2753 at
1110 2710 1190 2752 hoc
1229 2710 1320 2752 loco
1351 2714 1674 2768 expectaremus
1704 2710 2058 2768 praepositionem
2104 2711 2241 2768 παρά,
2289 2710 2569 2767 παραβάλλειν

115 2783 182 2823 vel
213 2780 511 2838 παρατιθέναι,
557 2780 664 2821 haec
693 2780 806 2821 enim
834 2780 919 2822 duo
948 2779 1155 2822 vocabula
1192 2782 1470 2835 usurpantur,
1511 2779 1548 2820 si
1577 2779 1677 2835 quid
1707 2779 1774 2821 cui
1813 2779 2118 2822 comedendum
2158 2779 2403 2836 apponitur,
2443 2784 2568 2836 atque

116 2851 169 2892 de
199 2849 439 2892 hominibus
469 2848 639 2906 quidem
671 2846 970 2904 παρατιθέναι,
1000 2848 1054 2889 de
1082 2846 1228 2889 bestiis
1260 2846 1554 2904 παραβάλλειν.
1599 2847 1664 2889 Cf.
1694 2847 1731 2888 si
1758 2846 1898 2905 placet
1926 2846 2033 2889 haec
2060 2847 2259 2905 exempla
2288 2847 2405 2890 verbi
2437 2860 2566 2905 παρα-

116 2919 301 2960 τιθέναι;
345 2920 370 2958 Ι
390 2921 447 2960 90
477 2918 592 2973 παρὰ
621 2917 672 2958 δέ
702 2931 776 2973 σφι
807 2915 910 2957 τίθει
932 2917 1154 2971 μενοεικέα
1184 2916 1328 2963 δαῖτα,
1374 2916 1407 2956 Τ
1429 2918 1513 2959 316
1552 2916 1682 2973 λα’ρον
1714 2917 1829 2972 παρὰ
1859 2916 2026 2957 ὃεῒπνον
2056 2915 2236 2973 ἔθηκας,
2288 2916 2330 2956 Ψ
2350 2918 2435 2959 810
2465 2914 2567 2955 δαῖτ’

115 2986 282 3043 ἀγαθὴν
314 2984 647 3043 παραθήσομεν,
697 3001 725 3026 α
757 2986 837 3028 139
868 2987 980 3026 σῖτον
1011 2983 1187 3042 δἀἒδοίη
1219 2984 1340 3041 ταμίη
1371 2982 1612 3041 παρέθηκεν
1643 3003 1697 3021 =
1729 2984 1756 3025 ὃ
1783 2986 1859 3037 55,
1909 3000 1935 3040 η
1978 2986 2081 3038 175,
2112 3000 2136 3024 ιι
2164 2986 2275 3037 371,
2303 3000 2334 3038 ρ
2364 2985 2432 3026 94.
2462 2985 2564 3036 259;

175 3148 210 3191 *)
256 3148 354 3182 Jahn
376 3160 460 3184 ann.
485 3150 586 3183 1863.
631 3158 667 3191 p.
691 3150 769 3182 735.

143 3205 201 3248 ⁸⁸⁸)
247 3205 293 3240 cf.
317 3206 402 3240 Alb.
426 3205 562 3240 Fulda:
587 3205 911 3249 Untersuohungen
934 3204 1026 3239 fiber
1048 3204 1107 3239 die
1129 3204 1291 3248 Spraohe
1313 3204 1378 3239 der
1402 3204 1494 3238 hom.
1520 3202 1696 3238 Gedichts
1720 3205 1747 3237 1.
1796 3204 1922 3238 Duisb.
1951 3205 2058 3245 1865,
2082 3215 2118 3247 p.
2148 3204 2224 3236 126.

2022 3260 2048 3300 2
