2798 3744
1185 176 1235 182 .-
1350 149 1410 196 14
1528 174 1579 180 -

147 279 376 320 tinea-emus
389 308 401 331 ,
424 289 530 333 quos
558 278 689 333 poeta
716 274 809 331 ipse
837 274 959 329 fecit,
976 277 1090 317 totus
1118 283 1258 317 10111111
1287 277 1414 330 atque
1441 272 1667 316 verborum
1695 274 1916 328 contextus
1939 273 2191 329 ‘saepissime
2218 273 2444 319 tolleremr.
2469 274 2599 325 Quod

144 359 244 388 vero
273 343 393 387 addit
426 342 512 398 „Es
542 342 729 386 versteht
757 342 870 397 sich,
902 342 1000 384 dass
1018 341 1133 395 hier,
1153 340 1262 383 auch
1290 339 1534 397 abgesehen
1561 347 1646 384 von
1675 339 1773 383 dem
1790 338 2146 397 Strophengesctz
2175 340 2251 383 der
2278 341 2403 385 elend
2424 346 2599 401 ‘gentap-

143 411 257 470 pelte
285 411 397 454 Vers
427 412 512 453 448
540 410 670 452 fallen
697 421 837 462 muss,
875 422 921 451 er
948 408 1209 451 unterbricht
1237 408 1315 450 auf
1338 408 1650 464 unertragliche
1677 407 1826 451 Weise
1855 407 1938 450 den
1966 406 2296 464 nothwendigcn
2320 408 2598 453 zusammen—

144 481 283 537 hang,
313 480 357 521 in
387 478 591 521 welchem
620 477 698 519 auf
722 477 790 519 die
817 476 1113 533 Begrsmdnng
1142 477 1223 530 (wo
1253 477 1368 532 πῆμα
1409 472 1498 515 τόδ’
1542 474 1651 517 eben
1687 473 1878 517 Hektors
1917 473 2128 518 Geschick
2161 473 2424 539 bezeichmet)
2466 478 2599 522 sofort

146 548 215 589 die
247 546 633 601 Nutzanw'endung
660 546 804 601 folgen
831 547 986 585 muss.“
1019 545 1074 598 ²⁸²),
1120 545 1173 585 de
1211 557 1263 584 ea
1301 557 1347 584 re
1375 556 1522 585 vereor
1550 557 1605 585 ne
1632 557 1784 599 parum
1812 546 1925 586 recte
1953 542 2211 587 iudicaverit.
2266 542 2455 588 Achilles
2484 546 2598 590 enim

143 614 270 657 modo
301 614 490 656 dixerat:
521 618 564 656 te
593 626 759 669 quoque
789 616 915 654 antea
947 612 1117 654 beatum
1146 616 1272 667 atque
1300 612 1558 654 fortunatum
1586 611 1717 654 fuisse
1746 611 2003 668 accepimus,
2031 611 2158 668 longe
2186 611 2526 668 lateque-dicunt
2553 618 2596 657 te

141 682 271 724 fuisse
303 681 562 723 celebratum
590 684 763 736 propter
792 680 960 722 divitias
991 684 1033 721 et
1061 679 1168 721 filios
1182 710 1194 732 ,
1237 678 1493 735 simulatque
1532 682 1675 721 autem
1710 679 1823 721 hanc
1851 679 2133 722 calamitatem
2171 678 2230 721 dii
2258 679 2488 723 attulerunt
2516 685 2594 724 etc.

143 749 282 799 Quam
313 748 626 792 calamitatem?
656 747 854 789 nimirum
882 746 1064 801 bellum,
1096 760 1178 803 quo
1208 749 1249 788 et
1279 746 1449 789 divitiae
1479 750 1578 788 sunt
1606 745 1841 788 exhaustae
1870 750 1913 788 et
1941 746 2015 788 filii
2043 747 2262 789 interfecti.
2297 746 2410 790 Nam
2439 748 2493 791 de
2520 750 2594 791 im·

141 817 298 860 mensis
327 816 489 858 Priami
525 817 676 872 opibus
714 815 856 856 multis
886 815 1026 856 verbis
1056 814 1285 870 disputavit
1322 827 1482 869 eaeque
1521 813 1632 855 bello
1661 817 1759 855 sunt
1796 813 2038 868 absumtae,
2071 814 2170 856 τόδε
2209 817 2325 872 πῆμα
2364 816 2421 858 ad
2460 817 2594 859 solam

140 885 338 928 Hectoris
368 898 516 927 necem
544 884 702 926 referre
732 897 837 939 opus
867 897 952 925 non
983 888 1057 924 est.
1116 881 1404 924 Retinendum
1432 881 1561 937 igitur
1590 894 1684 922 esse
1713 894 1863 923 censeo
1893 896 1933 923 v.
1965 882 2062 925 548.

347 964 375 1006 J
377 978 447 1006 am
476 965 694 1007 videamus
723 977 790 1005 res
821 963 1027 1018 quasdam
1057 963 1243 1018 singulas
1272 963 1317 1003 in
1344 961 1427 1003 hac
1454 961 1630 1003 Achillis
1660 961 1861 1003 oratione.
1914 960 2083 1017 Inspice
2112 962 2316 1017 primum,
2367 964 2403 1006 si
2438 964 2592 1020 placet,

142 1047 179 1075 v.
212 1033 296 1074 524
337 1031 385 1073 οὐ
417 1032 500 1088 γάρ
534 1046 592 1076 τις
622 1030 771 1087 πρῆξις
800 1029 965 1070 πέλεται
999 1032 1195 1085 κρυεροῖο
1226 1028 1361 1083 γόοιο;
1411 1029 1463 1071 (10
1511 1028 1717 1071 vocabulo
1749 1028 1899 1085 πρῆξις
1926 1028 2053 1071 Faesi
2093 1028 2156 1083 **)
2206 1029 2435 1086 disputavit
2462 1032 2591 1076 haec:

144 1100 321 1157 ,πρῆξις
348 1100 479 1142 findet
508 1099 597 1142 sich
627 1099 669 1141 in
699 1099 773 1140 der
801 1098 937 1140 Iliade
966 1111 1047 1139 nur
1076 1097 1229 1140 einmal
1257 1097 1317 1139 im
1345 1097 1498 1140 letzten
1527 1096 1668 1150 Buch‚
1707 1095 1814 1139 ofter
1842 1096 1886 1138 in
1914 1096 2244 1139 verschiedenen
2275 1096 2476 1142 Biichern
2504 1102 2591 1144 und

137 1167 312 1210 Partien
342 1168 417 1209 der
448 1167 637 1222 Odyssee
666 1166 753 1207 und
781 1179 861 1207 nur
896 1166 940 1207 in
971 1166 1108 1208 dieser
1136 1166 1179 1207 in
1216 1165 1292 1207 der
1319 1165 1575 1221 Bedeutung
1605 1164 1807 1207 Geschz'ift
1836 1164 2005 1222 (πρῆξις
2033 1163 2183 1221 δῆμιος
2217 1165 2306 1208 und
2334 1166 2474 1225 ἷὸίη).“
2535 1168 2593 1212 Ε1

138 1240 202 1278 081
231 1235 320 1277 8100
350 1234 477 1277 (1111110
507 1234 588 1276 1100
617 1233 868 1276 vocabulum
898 1233 1127 1287 eiusmodi,
1158 1237 1204 1275 ut
1233 1233 1269 1274 si
1297 1233 1383 1274 iam
1411 1232 1462 1275 iis
1491 1232 1772 1289 temporibus,
1814 1232 1965 1288 quibus
1995 1233 2233 1290 antiquiora
2261 1233 2409 1278 Iliadis
2440 1237 2588 1279 carmi-

135 1316 191 1344 na
222 1302 501 1356 canebantur,
532 1302 576 1343 in
606 1315 685 1343 usu
715 1301 886 1354 fuisset,
916 1301 1010 1357 plus
1041 1301 1171 1343 semel
1200 1300 1243 1341 in
1272 1300 1409 1342 Iliade
1438 1300 1706 1343 inveniretur.
1765 1299 1844 1342 Est
1882 1303 2027 1343 autem
2054 1300 2124 1343 hic
2156 1314 2301 1343 versus
2332 1305 2588 1360 compositus

135 1385 189 1412 ex
210 1371 394 1423 duobus,
423 1371 492 1425 qui
513 1375 610 1411 sunt
629 1371 673 1410 in
692 1369 771 1411 Od.
795 1368 822 1409 ὃ
842 1371 923 1410 103
945 1368 1132 1425 αἷῴῆρὸς
1160 1367 1207 1408 δὲ
1224 1367 1355 1423 κόρος
1383 1369 1579 1423 κρυεροῖο
1599 1368 1713 1421 γόοιο
1729 1371 1771 1412 01
1789 1383 1813 1409 κ
1832 1369 1915 1412 202
1937 1369 2056 1423 (568)
2085 1367 2220 1410 ἀλλὀὐ
2242 1369 2326 1427 γάρ
2349 1385 2410 1417 τις
2438 1373 2590 1430 πρῆξις

134 1436 319 1489 ἐγίγνετο
344 1436 657 1492 μυρομένοισιν.
693 1436 761 1479 De
791 1436 920 1479 verbo
953 1435 1241 1477 ἐπεκλώσαντο
1272 1449 1402 1491 supra
1432 1436 1501 1490 egi
1529 1435 1616 1490 ***)
1647 1439 1831 1478 ceterum
1858 1435 1940 1478 hoc
1970 1449 2136 1492 quoque
2165 1436 2421 1481 vocabulum
2451 1439 2588 1497 Odys-

137 1518 235 1547 seae
264 1505 307 1546 in
338 1519 422 1561 qua
452 1505 608 1562 septies
638 1504 850 1547 invenitur
880 1508 944 1546 est
972 1504 1202 1560 proprium.
1260 1503 1413 1546 Adiice
1443 1508 1486 1545 et
1513 1502 1594 1545 1100
1622 1507 1664 1546 01
1695 1503 1845 1560 πρῆξις
1880 1503 2009 1546 indici
2038 1504 2338 1547 vocabulorum
2369 1505 2588 1563 Odysseae

136 1573 398 1629 propriorum
415 1605 426 1626 ,
477 1586 602 1628 quem
641 1572 692 1614 L.
732 1572 1011 1614 Friedlander
1064 1572 1238 1614 confecit
1287 1571 1617 1627 diligentissime.
1674 1571 1761 1613 Hic
1790 1585 1956 1627 quoque
1993 1585 2139 1614 versus
2175 1586 2230 1615 ex
2279 1573 2447 1616 duobus
2495 1574 2588 1617 aliis

136 1646 200 1683 est
249 1642 451 1683 conflatus
468 1673 479 1694 ,
528 1645 655 1697 atque
700 1640 817 1697 prius
869 1640 1039 1696 quidem
1086 1638 1395 1682 hemistichium
1443 1643 1507 1682 est
1555 1639 1820 1696 depromtum
1869 1633 1923 1681 ex
1964 1639 2045 1683 Od.
2077 1655 2104 1681 α
2154 1641 2205 1682 17
2249 1641 2309 1697 τῷ
2339 1642 2377 1682 οἱ
2408 1640 2586 1687 ἐπεκλώ-

136 1723 263 1749 σαντο
295 1708 388 1750 θεοὶ
418 1708 579 1750 οἶκόνδε
611 1707 805 1761 νέεσθαι,
837 1708 1017 1750 alterum
1046 1707 1177 1750 habes
1207 1707 1375 1763 saepius
1404 1706 1447 1749 X
1477 1708 1545 1749 31.
1579 1708 1644 1751 76.

340 1786 538 1843 Sequitur
567 1788 639 1830 illa
668 1787 870 1843 allegoria
900 1800 1010 1843 quae
1039 1787 1185 1842 incipit
1213 1800 1239 1828 a
1269 1786 1408 1829 verbis
1439 1787 1556 1841 (527)
1588 1785 1692 1827 δοιοὶ
1722 1786 1804 1843 γάρ
1836 1801 1880 1828 τε
1912 1786 2035 1829 πίθοι.
2092 1787 2375 1830 Alexandrini
2414 1802 2586 1833 monue-

130 1858 228 1896 runt
257 1869 311 1897 ex
340 1855 422 1897 1100
451 1855 542 1898 1000
572 1855 745 1897 fluxisse
773 1854 877 1896 illud
907 1854 1066 1895 dolium
1083 1884 1094 1903 ‚
1135 1854 1245 1909 quod
1276 1859 1340 1895 est
1369 1854 1483 1909 apud
1512 1853 1748 1896 Hesiodum
1778 1854 1834 1909 (E
1860 1855 1946 1908 94).
2004 1854 2135 1896 Miror
2164 1860 2326 1897 veteres
2351 1855 2586 1897 “Ησιόὸειον

129 1922 246 1962 111010
270 1925 549 1978 χαρακτῆρα,
581 1935 707 1977 quem
735 1922 946 1963 nonnullis
966 1922 1067 1962 locis
1089 1921 1397 1975 indagaverunt
1415 1921 1694 1974 ⁴solertissime
1710 1952 1721 1974 ,
1752 1934 1850 1962 eum
1879 1921 1959 1962 hoc
1988 1921 2079 1963 loco
2109 1935 2194 1963 non
2221 1923 2459 1976 agnovisse.
2489 1924 2587 1979 Ego

130 1989 300 2045 quidem
328 1989 438 2030 hanc
467 1989 715 2045 allegoriam
744 1988 800 2029 ad
818 1988 966 2029 Iliadis
996 1992 1179 2028 aetatem
1207 2001 1292 2028 non
1323 1987 1547 2028 convenire
1575 1991 1691 2042 puto.
1737 1987 1935 2029 Ceterum
1964 1987 2032 2029 1110
2061 1988 2175 2029 10008
2206 1988 2319 2030 idem
2348 1989 2479 2032 habet
2507 1991 2585 2032 ini-

129 2057 235 2097 tium
264 2061 391 2112 atque
419 2057 565 2098 fabula
594 2057 666 2097 illa
696 2056 749 2097 de
779 2056 944 2096 duabus
975 2056 1230 2096 somniorum
1263 2056 1395 2110 portis
1428 2055 1559 2096 altera
1590 2069 1763 2107 cornea,
1794 2055 1981 2097 eburnea
2012 2055 2156 2099 altera.
2213 2055 2278 2098 Of.
2312 2071 2335 2097 τ
2362 2057 2445 2100 562
2477 2057 2585 2100 ὃοιαέ

132 2125 214 2177 γάρ
249 2138 290 2163 τε
323 2123 441 2162 πύλαι
472 2123 691 2179 ἀμενηνῶν
722 2123 822 2162 εἶσιν
854 2123 1047 2177 ὀνείρων.

335 2193 419 2233 530
448 2190 632 2247 κύρεται.
664 2190 903 2232 Verborum
932 2189 1068 2245 κύρω,
1101 2189 1267 2245 ἐγκύρω
1300 2188 1502 2246 ἐπικύρω,
1535 2188 1733 2246 συγκύρω
1764 2190 1922 2233 activas
1952 2193 2117 2234 tantum
2145 2191 2305 2235 formas
2335 2192 2466 2238 habet
2494 2194 2584 2238 Ho-
2626 2185 2630 2189 ⁴

131 2274 292 2312 merus,
323 2260 507 2301 mediam
535 2274 621 2301 non
649 2259 791 2301 habet.

335 2328 445 2380 539,
479 2328 563 2369 540
593 2327 800 2369 sententia
820 2340 972 2383 parmn
991 2327 1212 2383 perspicue
1242 2330 1370 2383 atque
1391 2326 1582 2381 dilucide,
1612 2330 1658 2369 ut
1677 2326 1780 2369 mihi
1805 2327 1976 2384 quidem
1995 2327 2180 2383 videtur,
2203 2342 2421 2385 expressa.
2464 2331 2585 2380 Quae

128 2394 214 2436 iam
243 2398 474 2451 sequuntur
504 2395 557 2437 de
576 2394 737 2437 Priami
766 2395 933 2450 magnis
964 2394 1114 2451 opibus
1144 2398 1269 2451 atque
1300 2394 1476 2449 divitiis,
1499 2408 1549 2436 ea
1579 2408 1749 2451 quoque
1779 2396 1932 2436 mirum
1952 2396 1995 2436 in
2015 2396 2188 2437 modum
2213 2401 2310 2438 sunt
2336 2398 2516 2453 prolata.
2536 2400 2583 2453 †)

127 2462 314 2504 Hiscene
349 2463 485 2503 verbis
525 2463 703 2504 fortasse
742 2463 847 2504 fines
880 2463 1003 2517 regni
1030 2462 1168 2503 Troici
1200 2462 1411 2516 designari
1445 2463 1720 2517 putabimus?
1769 2462 1934 2504 Lesbus
1966 2464 2102 2504 insula
2130 2465 2273 2506 nescio
2308 2479 2363 2506 an
2393 2467 2582 2508 nomine-

125 2534 193 2570 tur
221 2534 393 2585 propter
422 2530 643 2582 mulieres,
674 2544 780 2589 quas
809 2530 908 2571 inde
937 2531 1078 2585 rapuit
1108 2535 1233 2585 atque
1264 2529 1446 2571 abduxit
1475 2529 1670 2572 Achilles
1702 2529 1726 2571 Ι
1759 2531 1853 2571 129.

331 2599 428 2639 544.
489 2596 696 2645 Quattuor
739 2597 1036 2639 adverbiorum
1067 2594 1150 2643 ἔξω
1190 2596 1290 2638 εἴσω
1322 2595 1411 2638 ἄνω
1441 2597 1555 2638 κάτω
1592 2597 1664 2639 1110
1701 2601 1799 2639 sunt
1827 2597 2167 2654 frequentissima
2193 2600 2311 2656 apud
2330 2600 2582 2654 Homerum,

124 2666 313 2721 inprimis
344 2665 473 2718 εἴσω,
513 2665 620 2706 haec
647 2665 834 2707 invenies
865 2679 1070 2721 perquam
1099 2679 1225 2719 101ος
1270 2665 1382 2706 κάτω
1413 2665 1451 2706 Ρ
1477 2667 1583 2719 136,
1617 2666 1649 2720 ᾠ
1679 2666 1757 2719 91,
1790 2656 1891 2706 ἄνω
1909 2671 2076 2721 praeter
2105 2667 2217 2709 hunc
2248 2668 2398 2712 locum
2427 2668 2449 2708 λ
2483 2670 2581 2722 596,

122 2733 227 2774 λᾶαν
260 2732 349 2774 ἄνω
381 2732 583 2775 ὤδεσκεν.
2118 2767 2121 2770 .

330 2803 426 2843 553.
472 2800 535 2843 of.
567 2815 677 2857 quae
708 2802 755 2843 O.
785 2800 1085 2844 Lachmannus
1116 2799 1343 2856 disputavit
1372 2801 1462 2857 ††):
1498 2814 1570 2855 „so
1600 2800 1654 2842 ist
1685 2800 1752 2843 die
1780 2801 1951 2845 Aurede
1983 2801 2211 2860 διοτρεφές
2245 2803 2354 2846 011110
2384 2804 2581 2846 weiteren

124 2870 294 2913 Beisatz
325 2869 414 2913 vier
443 2869 558 2912 mah]
589 2869 631 2911 in
661 2869 744 2912 den
763 2869 917 2912 letzten
936 2868 1133 2911 Biichern
1157 2868 1191 2910 Φ
1207 2871 1271 2924 75,
1303 2869 1343 2910 Ψ
1355 2871 1451 2924 594,
1482 2869 1520 2911 Ω
1537 2871 1633 2912 553.
1656 2870 1752 2924 635,
1773 2869 1841 2911 ein
1860 2871 1975 2912 mahl
1994 2872 2053 2913 im
2073 2871 2226 2914 achten
2249 2871 2382 2914 Liede
2403 2872 2426 2912 l
2454 2873 2577 2913 229st

171 3019 204 3061 ³¹)
252 3029 286 3062 p.
314 3020 368 3052 15.
416 3018 566 3052 Accedit
596 3018 642 3051 ad
666 3017 713 3052 K.
740 3018 945 3062 opinionem
969 3018 1060 3052 Lud.
1086 3019 1319 3053 Friedliinder
1343 3020 1380 3052 in
1402 3019 1501 3052 Jahn
1544 3020 1627 3052 Aun
1666 3019 1748 3054 1861
1778 3021 1795 3052 I
1830 3030 1866 3063 p.
1894 3023 1954 3053 34:
1982 3020 2046 3054 „V.
2073 3023 2140 3053 548
2165 3021 2347 3054 verdankt
2371 3021 2470 3054 801110
2494 3020 2580 3053 Ε111-

261 3075 461 3119 schiebung
485 3074 645 3115 offenbar
679 3085 747 3108 nur
771 3075 887 3109 einem
919 3075 1089 3119 plumpen
1119 3075 1454 3110 Missverstandniss
1479 3076 1542 3110 des
1572 3080 1668 3123 πῆμα
1691 3077 1789 3119 τόδε,
1828 3087 1903 3111 was
1934 3076 2027 3111 ohne
2055 3076 2201 3111 Zweifel
2236 3088 2304 3111 nur
2336 3076 2402 3111 auf
2422 3076 2580 3111 Hektors

263 3132 338 3166 Tod
363 3143 407 3165 zu
431 3132 602 3166 beziehen
625 3132 705 3165 ist.“
754 3132 805 3164 At
836 3142 880 3166 ne
911 3132 1000 3166 haec
1025 3132 1169 3176 quidem
1202 3134 1312 3167 verba
1335 3143 1392 3167 me
1417 3137 1656 3176 commovent,
1687 3137 1725 3168 ut
1757 3134 1958 3169 sententiae
1986 3133 2032 3168 ab
2057 3134 2220 3169 Arminio
2245 3134 2389 3179 Kochly
2413 3133 2579 3178 proposi-

262 3192 321 3223 tae
346 3188 616 3222 assentiendum
641 3198 720 3223 osse
745 3198 921 3222 censeam.

145 3256 201 3300 **)
224 3255 291 3291 od.
316 3266 474 3300 prooem.
498 3266 535 3299 p.
558 3254 643 3292 XV.
692 3273 733 3280 -—
783 3255 859 3299 ***)
883 3255 978 3290 Diss.
1005 3267 1054 3300 pr.
1083 3267 1117 3300 p.
1147 3258 1200 3291 14.
1249 3275 1288 3281 -—
1337 3256 1376 3299 †)
1401 3256 1443 3290 cf.
1469 3256 1627 3291 Diintzer
1652 3269 1686 3302 p.
1711 3260 1788 3292 413.
1839 3278 1879 3282 —
1930 3261 1993 3302 ††)
2019 3270 2054 3303 p.
2080 3261 2134 3295 82.
