2798 3744
370 173 451 217 Vv.
480 175 575 216 556.
609 176 633 217 7
689 175 833 218 reiecti
861 180 958 218 sunt
985 176 1041 220 ab
1076 177 1407 233 Alexandrinis3
1454 179 1538 221 558
1566 175 1691 222 οὗτος
1726 176 1751 218 ὁ
1781 176 1922 233 στίχος
1962 176 2041 234 οὐχ
2069 177 2229 235 εὑρέθη
2260 177 2305 220 ἐν
2342 180 2404 235 τῷ
2443 179 2607 236 παλαιῷ

162 241 421 284 -Reiuoerunt
445 240 540 285 illos
562 239 642 283 ‘bn
670 241 926 299 ἀνάρμοστοι
954 244 1016 301 τῷ
1045 245 1262 301 προσώπῳ
1291 246 1334 286 αἱ
1364 244 1487 304 εὐχαὶ
1522 245 1590 286 καὶ
1618 243 1930 300 ἐπαυτόφωρος
1959 245 1987 301 ὴ
2018 243 2245 301 ὑπόκρισις.
2302 245 2422 296 Quae
2449 260 2606 292 causae

160 308 308 352 1105όο
337 322 395 352 an
422 310 525 353 satis
552 323 736 366 magnae
764 311 849 354 sint
876 314 1004 367 atque
1031 324 1197 368 graves.
1255 313 1357 356 Jam
1388 313 1609 370 aliquoties
1636 313 1683 355 in
1718 312 1799 355 hac
1836 311 2066 369 rhapsodia
2104 325 2248 355 sumus
2286 315 2606 359 commoneffaeti

164 375 352 431 primae,
381 377 426 419 in
455 389 539 434 qua
568 376 751 434 Chryses
781 391 877 421 cum
905 378 1173 436 amplissimis
1204 380 1329 424 donis
1357 381 1448 425 adit
1476 393 1687 423 summum
1714 378 1976 422 Achivorum
2003 393 2162 436 regem,
2191 383 2240 422 ut
2267 380 2388 424 donis
2416 382 2605 438 acceptis

164 441 295 488 filiam
321 443 494 500 reddat,
537 443 618 489 hoc
646 457 813 502 quoqne
847 445 939 491 loco
979 459 1054 492 seu
1082 451 1224 493 nostro
1257 448 1592 494 obversabantur
1620 460 1719 504 seu,
1749 447 1789 492 ei
1818 447 1889 505 qui
1918 447 1996 490 hos
2025 460 2171 491 versus
2199 448 2401 493 adiecisse
2428 453 2603 508 putatur

164 510 257 566 illaf,
287 525 396 568 quae
424 515 521 555 sunt
577 512 611 554 Α
644 513 709 555 19.
740 514 812 557 20.

365 579 464 623 Non
491 579 666 635 urgebo,
697 581 809 636 quod
837 581 1014 624 fortasse
1042 584 1127 625 560
1155 583 1285 626 verba
1308 583 1458 641 μηκέτι
1486 584 1568 639 {uby
1592 580 1810 638 μ’ἐρέθιζε
1849 582 1939 625 5100
1977 583 2087 625 iusta
2112 587 2242 639 atque
2270 584 2476 639 probabili
2511 585 2601 629 irae

165 660 292 689 causa
328 651 426 689 sunt
469 648 625 703 posita,
673 647 776 690 mihi
812 648 982 704 quidem
1019 663 1075 692 ex
1104 651 1293 693 oratione
1322 651 1487 693 Priami
1515 650 1576 692 nil
1605 650 1698 692 elici
1725 663 1851 706 posse
1880 649 2064 704 videtur,
2108 663 2192 706 qua
2219 664 2265 693 re
2301 651 2408 695 adeo
2436 652 2602 696 animus

163 714 339 758 Achillis
367 715 431 758 ira
459 715 668 759 exarsisse
696 716 909 772 putandus
940 718 1005 760 sit.
1035 718 1078 775 *)
1137 718 1198 762 At
1226 719 1418 762 offendor
1446 734 1502 763 vv
1530 719 1712 762 565-7.
1772 717 1867 767 Qua
1909 717 1953 760 in
1992 730 2038 760 re
2076 717 2180 760 mihi
2218 718 2387 775 quidem
2429 720 2603 764 dubium

161 796 248 825 non
276 787 362 837 est,
412 783 512 838 quin
539 783 576 825 is
606 784 677 840 qui
705 784 815 827 hanc
842 785 1114 842 rhapsodiam
1144 787 1379 844 composuit
1408 787 1559 830 eodem
1587 800 1720 843 pravo
1750 785 1916 839 studio,
1962 798 2044 841 quo
2088 798 2217 842 saepe
2253 786 2297 827 in
2325 800 2508 831 errorem
2537 794 2601 831 est

162 850 388 905 deductus,
425 851 582 895 alienos
611 865 757 896 versus
795 852 839 895 in
883 867 1007 896 suum
1036 867 1206 898 carmen
1233 854 1489 912 recipiendi,
1538 855 1682 911 lapsus
1713 853 1777 896 sit.
1835 852 2203 897 Reminiscebatur
2230 854 2379 910 opinor
2405 869 2601 899 versuum

162 918 425 975 quonmdam
440 919 657 976 Odysseae
686 933 742 962 ex
757 921 811 975 ψ,
841 920 915 963 0111
933 921 1199 978 Penelopae,
1231 936 1340 979 quae
1358 926 1406 964 ut
1437 923 1638 964 maritum
1666 925 1861 975 tentaret,
1891 921 2175 975 simulaverat,
2196 921 2351 964 lectum
2380 936 2505 979 quem
2531 925 2601 968 ille

160 987 252 1044 ipse
280 986 507 1043 aliquando
536 990 647 1030 esset
674 987 903 1030 fabricatus
941 988 1110 1031 aliunde
1139 1002 1231 1032 esse
1259 990 1509 1032 translatum
1530 1020 1542 1044 ,
1571 989 1721 1031 Ulixes
1750 988 1987 1045 respondit:
2028 987 2131 1037 Quis
2160 988 2241 1031 hoc
2269 989 2397 1032 fecit?
2436 991 2602 1035 difficile

159 1059 272 1100 esset
299 1054 492 1097 omnibus
522 1059 700 1112 excepto
730 1056 853 1110 deo,·
882 1056 914 1112 ψ
947 1057 1026 1100 187
1058 1055 1228 1115 ἀνδρῶν
1259 1055 1355 1099 δὀὔ
1379 1056 1449 1099 κέν
1486 1072 1545 1103 τις
1574 1056 1686 1105 ζωὸς
1710 1055 1872 1113 βροτὸς
1901 1054 2003 1097 οὐδὲ
2027 1055 2125 1111 μάλ’
2159 1056 2278 1113 ἡβῶν
2308 1065 2319 1112 {J
2351 1058 2451 1114 ῥεῖα
2474 1075 2610 1116 pez-0..

151 1125 360 1184 χλὴσειεν.
417 1122 487 1165 Ι111
514 1137 605 1165 rem
633 1123 742 1166 bene
770 1138 816 1167 se
843 1124 1001 1168 habere
1029 1129 1180 1182 sponte
1214 1130 1403 1182 apparet.
1455 1126 1556 1168 Jam
1587 1125 1728 1167 confer
1756 1124 1868 1166 hunc
1897 1124 2037 1166 locum
2052 1155 2064 1178 ,
2095 1138 2202 1180 quae
2231 1126 2331 1168 facit
2359 1127 2604 1183 loquentem

157 1192 386 1236 Achillem!
443 1191 632 1234 Deorum
661 1192 810 1248 aliquis
838 1196 881 1235 te
910 1193 966 1235 ad
993 1207 1124 1236 naves
1153 1192 1415 1237 Achivorum
1443 1193 1668 1249 perduxit,
1697 1192 1886 1235 mortalis
1917 1192 2031 1234 enim
2059 1205 2145 1234 non
2174 1193 2331 1237 audeat
2364 1208 2420 1239 ne
2449 1197 2603 1242 florens

159 1260 327 1318 quidem
355 1260 571 1302 iuventute
600 1259 656 1302 ad
686 1263 822 1303 eastra
859 1261 987 1303 adire.
1045 1261 1197 1318 Neque
1226 1262 1339 1304 enim
1368 1261 1511 1317 fugiat
1542 1260 1736 1303 custodes
1765 1272 1902 1316 neque
1941 1259 2065 1302 facile
2096 1260 2323 1304 claustrum
2359 1269 2507 1320 portae
2538 1281 2605 1309 re-

155 1329 325 1384 fringat.
383 1328 480 1370 Hoc
522 1341 622 1370 vero
664 1328 756 1370 loco
795 1329 923 1370 verba
961 1328 1061 1369 οὐδὲ
1094 1329 1192 1383 μάλ’
1223 1329 1344 1385 ἡβῶν
1391 1330 1528 1370 minus
1573 1334 1671 1384 apte
1701 1341 1793 1370 esse
1822 1328 1960 1383 posita
1990 1328 2083 1383 quis
2111 1331 2362 1384 negaverit?
2411 1334 2601 1377 seiuncta

157 1399 255 1437 sunt
282 1395 337 1437 ab
365 1395 417 1436 iis
446 1395 503 1437 ad
531 1408 640 1451 quae
668 1395 880 1451 pertinent
903 1396 1001 1451 ῥεῖα
1025 1396 1319 1453 μετοχλήσειεν
1335 1428 1346 1450 ,
1394 1396 1615 1438 coniuncta
1646 1409 1741 1438 cum
1770 1395 1843 1448 iis,
1887 1394 1944 1436 ad
1985 1407 2093 1451 quae
2123 1409 2209 1438 non
2239 1397 2445 1451 quadrant
2479 1401 2600 1443 οὐδέ·

155 1461 291 1505 λάθοι.
349 1462 559 1505 Nimirum
587 1462 643 1505 ad
672 1462 865 1505 custodes
893 1463 1098 1506 fallendos
1128 1464 1229 1520 quid
1258 1477 1365 1520 opus
1394 1463 1544 1506 robore
1573 1466 1701 1519 atque
1728 1462 1976 1505 iuventute?
2041 1461 2192 1519 Neque
2220 1463 2331 1520 fugit
2358 1465 2463 1511 haec
2496 1468 2604 1512 diffi-

157 1532 291 1575 cultas
318 1531 559 1574 Arminium
586 1530 754 1587 Kochly
783 1543 959 1586 eamque
987 1530 1047 1574 ita
1075 1531 1220 1586 solvit,
1250 1535 1297 1574 ut
1327 1545 1382 1574 ex
1412 1531 1596 1587 quinque
1625 1530 1817 1573 versibus
1838 1530 2008 1574 563-7
2026 1543 2130 1586 quos
2160 1531 2385 1587 tmpimine
2415 1548 2510 1579 esse
2541 1537 2603 1579 in-

155 1601 383 1658 terpolatos
413 1600 644 1653 contendit,
673 1599 751 1641 hos
781 1599 964 1642 efficeret
990 1603 1095 1642 tres:
1125 1599 1192 1640 καὶ
1222 1598 1272 1640 δὲ
1302 1597 1416 1640 θεῶν
1448 1598 1508 1644 τίς
1537 1598 1575 1639 σ’
1596 1596 1671 1655 ἦγε
1701 1596 1811 1643 θοὰς
1840 1596 1906 1639 ἐπὶ
1937 1600 2043 1655 νῆας
2071 1599 2267 1656 Ἀχαιῶν,
2299 1601 2310 1655 ff
2340 1601 2389 1643 οὐ
2415 1602 2601 1660 βροτὸς,

156 1668 257 1710 οὐδὲ
287 1668 370 1724 γὰρ
400 1667 451 1708 ἂν
482 1666 692 1723 φυλακοὺς
719 1665 867 1721 λάθοι,
897 1666 1000 1709 οὐδέ
1024 1667 1059 1708 κ’
1090 1667 1200 1724 ὀχῆα
1221 1670 1232 1722 j}
1265 1667 1364 1724 ῥεῖα
1389 1666 1673 1724 μετοχλίσσειε
1704 1665 1880 1721 θυράων
1912 1666 2175 1723 ἡμετεράων.
2207 1667 2344 1725 quue
2372 1670 2602 1716 arbitratur

155 1736 367 1779 neminem
395 1735 525 1778 semel
554 1734 814 1777 admonitum
841 1734 887 1777 in
915 1734 1090 1777 dubium
1118 1738 1380 1778 vocaturum.
1452 1734 1512 1777 At
1540 1747 1594 1777 ne
1622 1734 1827 1777 irascatur
1865 1735 1928 1777 vir
1956 1735 2221 1778 doctissimus
2250 1750 2320 1780 me
2358 1740 2488 1784 semel
2526 1742 2601 1784 ad·

155 1803 360 1846 monitum
388 1815 435 1845 re
463 1802 696 1844 accuratius
725 1815 935 1858 perpensa
964 1802 1003 1844 ei
1032 1815 1160 1858 quam
1190 1802 1409 1858 proposuit
1440 1803 1671 1844 sententiae
1699 1815 1784 1844 non
1814 1801 2054 1857 suffragari.
2103 1803 2274 1846 Etenim
2303 1806 2339 1846 si
2368 1820 2514 1850 versus
2543 1809 2602 1851 ita

155 1873 297 1913 essent
325 1869 501 1922 cantati,
531 1872 578 1910 ut
599 1868 654 1910 Κ.
675 1868 827 1922 voluit,
856 1868 996 1910 nullus
1024 1868 1128 1910 101111
1155 1869 1392 1925 rhapsodus
1422 1882 1548 1925 posse
1578 1869 1753 1924 cogitari
1781 1869 1946 1910 videtur
1974 1873 2063 1910 tam
2091 1871 2239 1924 malus,
2260 1876 2348 1914 tam
2378 1873 2600 1928 absurdus,

155 1942 202 1980 ut
229 1937 336 1980 haec
363 1935 516 1988 verba,
549 1948 658 1992 quae
685 1935 741 1978 Κ.
772 1935 923 1991 0101511,
948 1936 1175 1978 inculcaret
1202 1936 1476 1993 ineptissime.
1536 1933 1611 1976 Sin
1639 1949 1740 1977 vero
1769 1935 1989 1976 nobiscum
2017 1940 2262 1992 reputamus
2291 1939 2404 1981 hunc
2431 1944 2601 1996 poetam

155 2017 458 2063 saepenumero
486 2003 657 2045 minime
686 2016 762 2045 suo
790 2003 881 2045 loco
910 2004 1068 2045 alienos
1097 2017 1262 2057 versus,
1291 2017 1467 2059 quorum
1494 2004 1845 2056 reminisceretur,
1879 2017 1955 2045 suo
1990 2005 2164 2045 carmini
2196 2006 2473 2050 immiscuisse
2500 2023 2599 2065 pes-

155 2074 287 2126 sime,
317 2072 581 2114 verisimilius
610 2075 737 2126 atque
765 2071 1023 2127 probabilius
1051 2071 1217 2112 videtur
1246 2074 1430 2112 statuere
1458 2071 1539 2112 hoc
1568 2085 1735 2125 quoque
1766 2072 1807 2112 ei
1837 2071 1999 2112 crimini
2028 2085 2122 2113 esse
2151 2072 2349 2115 dandum.
2401 2074 2598 2118 Ceterum

155 2141 209 2183 de
238 2144 454 2193 accurata,
485 2153 612 2195 quam
640 2139 709 2181 1110
736 2139 969 2181 invenimus
982 2170 993 2192 ,
1022 2138 1192 2180 tentorii
1211 2137 1387 2181 Achillis
1417 2138 1697 2195 descriptione
1726 2138 1813 2180 iam
1844 2152 1972 2194 supra
2002 2139 2170 2194 egimus
2201 2140 2257 2182 ad
2286 2155 2325 2184 v.
2357 2143 2452 2186 446.
2481 2142 2571 2200 m)

358 2209 595 2250 571—595.
655 2207 755 2250 Jam
783 2207 969 2250 Achilles
1013 2221 1108 2250 cum
1148 2206 1312 2250 duobus
1341 2206 1541 2250 ministris
1578 2221 1632 2250 ex
1661 2207 1839 2250 tentorio
1870 2207 2165 2263 egrediuntur,
2214 2223 2343 2265 equos
2373 2210 2592 2268 mulosque

200 2370 233 2412 *)
278 2370 395 2404 Aliter
417 2370 591 2405 iudicavit
613 2367 832 2412 Dnntzerus‚
857 2368 919 2413 qui
943 2367 1186 2412 Geppertum,
1218 2367 1319 2402 cuius
1352 2367 1484 2402 librum
1507 2367 1596 2401 mihi
1620 2377 1692 2401 non
1717 2367 1784 2402 sub
1809 2367 1976 2401 manibus
2002 2378 2081 2402 esse
2106 2367 2220 2411 doleo,
2245 2368 2449 2414 impugnat.
2498 2369 2603 2416 Gep-

289 2428 413 2470 pertus
435 2425 646 2470 scripserat:
682 2425 772 2461 „Die
794 2427 960 2459 Antwort
983 2423 1116 2458 darauf
1135 2424 1183 2457 ist
1207 2424 1290 2458 sehr
1313 2424 1460 2458 barock.
1509 2423 1618 2457 Diese
1641 2424 1875 2468 grenzenlose
1900 2423 2078 2457 Wildheit
2114 2425 2186 2457 und
2210 2425 2383 2459 Barbarei
2397 2451 2406 2468 ,
2441 2427 2508 2460 mit
2538 2428 2604 2461 der

290 2482 410 2516 Achill
450 2482 518 2515 den
551 2481 751 2516 wehrlosen
775 2482 897 2524 Greis,
928 2481 992 2515 der
1019 2481 1073 2514 als
1107 2480 1447 2515 Schutzbefohlener
1476 2480 1540 2514 des
1570 2480 1662 2514 Zeus
1688 2482 1791 2513 unter
1815 2479 1950 2513 5010010
1980 2480 2107 2515 Dache
2134 2491 2197 2514 vor
2228 2481 2303 2514 ihm
2326 2482 2443 2525 steht,
2488 2483 2603 2517 (15101-

289 2541 420 2581 warnt,
451 2539 535 2573 dass
559 2548 597 2572 01·
619 2538 695 2571 111111
718 2537 1008 2572 Thatlichkeiten
1031 2536 1187 2581 zuffigen
1209 2535 1346 2570 1160010
1360 2562 1369 2579 ,
1404 2536 1452 2570 151
1483 2536 1577 2570 auch
1609 2535 1668 2570 ein
1692 2546 1802 2570 neuer
1827 2535 1921 2580 Zug,
1961 2536 2025 2570 der
2048 2536 2118 2572 den
2142 2536 2346 2571 Charakter
2370 2537 2434 2572 des
2458 2538 2600 2574 Helden

287 2595 387 2629 nicht
409 2595 527 2640 wenig
550 2594 741 2630 entstellt.“
791 2594 923 2629 Contra
944 2594 1148 2628 Dfintzerus
1171 2593 1370 2637 disputavit
1392 2592 1498 2627 haec:
1532 2592 1738 2628 „Achilleus
1763 2592 1853 2626 wird
1877 2593 1915 2626 10
1940 2592 2076 2628 diesem
2101 2593 2376 2638 Augenblicke,
2400 2605 2456 2628 wo
2480 2605 2520 2642 er
2544 2595 2603 2631 die

288 2651 422 2686 Leiche
446 2651 509 2686 des
525 2651 665 2686 Hektor
687 2650 872 2696 freigeben
894 2649 973 2693 soll,
997 2660 1067 2684 von
1097 2649 1254 2684 tiefstem
1265 2649 1427 2683 Unmuth
1451 2649 1636 2694 ergriffen3
1661 2649 1725 2682 das
1738 2648 1988 2694 Rachegefiihl
2012 2649 2149 2683 flammt
2173 2650 2265 2683 noch
2297 2650 2431 2684 einmal
2454 2651 2529 2695 anf,
2542 2663 2602 2686 nm

288 2707 355 2741 auf
373 2709 498 2742 immor
521 2719 565 2741 zu
588 2708 808 2742 verliischen.
838 2708 907 2742 Die
930 2707 1127 2752 dringende
1141 2706 1237 2739 Bitte
1260 2706 1323 2739 des
1346 2706 1457 2739 Alten
1481 2707 1630 2739 verletzt
1654 2706 1735 2747 111ος
1760 2716 1798 2739 01·
1822 2706 1897 2738 will
1921 2705 2022 2739 nieht
2045 2717 2105 2738 um
2129 2706 2194 2739 das
2219 2707 2392 2750 gemahnt
2419 2708 2511 2750 5010,
2527 2720 2601 2742 vas

289 2775 328 2798 er
350 2764 451 2798 nicht
472 2765 575 2799 mehr
596 2764 774 2809 umgehen
797 2764 914 2806 kann,
943 2764 1032 2798 aber
1053 2774 1191 2808 ungern
1215 2762 1308 2798 thut.
1339 2761 1498 2797 Deshalb
1524 2762 1632 2796 bittet
1655 2773 1694 2796 er
1718 2761 1780 2795 1110
1803 2761 1905 2796 010111
1931 2761 2045 2796 durch
2070 2762 2235 2797 weiteres
2259 2761 2382 2797 Bitten
2474 2764 2603 2807 reizen,

288 2820 369 2855 weil
392 2823 492 2855 sonst
519 2820 629 2855 leicht
660 2820 724 2855 das
749 2820 827 2855 sich
849 2820 888 2854 in
917 2820 1052 2854 seinem
1075 2818 1217 2854 Herzen
1240 2818 1374 2853 wieder
1396 2818 1552 2864 regende
1576 2817 1826 2863 Rachcgeffihl
1856 2818 1893 2851 in
1917 2817 2032 2851 Wuth
2061 2818 2287 2853 ausbrechen
2311 2818 2463 2854 konnte.
2512 2820 2600 2854 Hier

287 2877 406 2911 haben
429 2867 495 2910 wir
518 2877 576 2911 die
599 2876 719 2911 tiefste
742 2876 1053 2919 Naturwahrheit,
1078 2876 1213 2909 welche
1237 2886 1304 2909 uns
1328 2876 1398 2908 den
1420 2875 1669 2908 homerischen
1681 2875 1830 2908 Dichter
1853 2875 1891 2907 in
1915 2875 2033 2908 seiner
2057 2875 2208 2909 wahren
2231 2875 2367 2910 Grosse
2392 2877 2598 2910 erseheinen

286 2934 394 2975 lasst3
432 2944 501 2967 nur
524 2934 605 2967 dem
628 2933 809 2978 begabten
831 2932 979 2967 Meister
1001 2932 1136 2966 konnte
1158 2932 1259 2966 solch
1283 2932 1342 2966 ein
1365 2931 1443 2975 Zug
1464 2932 1664 2976 gelingen.“
1691 2931 1829 2970 Quibus
1854 2931 2042 2965 sententiis
2079 2930 2166 2976 qnid
2190 2933 2307 2977 magis
2337 2932 2433 2966 inter
2456 2943 2496 2967 se
2518 2942 2601 2966 con-

288 2989 436 3023 trarium
458 2991 580 3033 potest
601 2989 779 3034 proponi?
825 2988 968 3024 Etenim
991 2988 1083 3024 alter
1106 2987 1253 3024 summis
1277 2987 1447 3022 laudibus
1471 2987 1613 3022 ornavit
1636 2987 1757 3021 omnia
1780 2997 1874 3032 quae
1905 2997 1980 3021 non
2002 2987 2189 3022 incurrunt
2210 2988 2249 3022 in
2272 2987 2595 3032 reprehensionem,

286 3048 410 3081 contra
432 3045 524 3081 alter
553 3046 690 3091 spernit
720 3049 829 3092 atque
851 3046 1052 3091 vituperat,
1093 3046 1123 3081 si
1147 3055 1240 3090 quae
1262 3044 1380 3079 minus
1404 3044 1530 3080 nitent.
1577 3044 1753 3079 Neutrum
1777 3046 1866 3088 puto
1892 3043 2100 3089 incorrupto
2125 3044 2258 3079 iudicio
2282 3045 2327 3079 de
2350 3045 2419 3079 hac
2446 3044 2593 3088 rhapso-

287 3102 348 3137 dia
371 3113 451 3137 esse
472 3113 587 3137 usum.
637 3103 739 3138 Certe
761 3104 821 3138 1110
843 3103 942 3137 10005
965 3113 1081 3148 neque
1104 3102 1213 3137 tantis
1238 3101 1406 3135 laudibus
1430 3111 1546 3146 neque
1569 3104 1643 3135 tam
1667 3101 1770 3146 gravi
1794 3100 2058 3144 vituperatione
2084 3101 2131 3135 sit
2154 3101 2296 3146 (1131105.

180 3158 235 3201 **)
281 3169 316 3202 p.
342 3161 397 3192 16.
443 3177 487 3183 —
533 3159 612 3202 ***)
659 3170 694 3203 p.
721 3162 775 3193 19.
