<?xml version="1.0" encoding="UTF-8"?>
<!DOCTYPE html PUBLIC "-//W3C//DTD XHTML 1.0 Transitional//EN"
    "http://www.w3.org/TR/xhtml1/DTD/xhtml1-transitional.dtd">
<html xmlns="http://www.w3.org/1999/xhtml" xml:lang="en" lang="en">
 <head>
  <title>
</title>
<meta http-equiv="Content-Type" content="text/html;charset=utf-8" />
  <meta name='ocr-system' content='tesseract 3.04.00' />
  <meta name='ocr-capabilities' content='ocr_page ocr_carea ocr_par ocr_line ocrx_word'/>
</head>
<body>
  <div class='ocr_page' id='page_1' title='image "./4627563_0009.png"; bbox 0 0 2798 3744; ppageno 0'>
   <div class='ocr_carea' id='block_1_1' title="bbox 151 1257 2600 3290">
    <p class='ocr_par' dir='ltr' id='par_1_1' title="bbox 151 1257 2600 3236">
     <span class='ocr_line' id='line_1_1' title="bbox 364 1257 2587 1334; baseline -0 -11"><span class='ocrx_word' id='word_1_1' title='bbox 364 1257 496 1332; x_wconf 86' lang='lat' dir='ltr'>Tibi,</span> <span class='ocrx_word' id='word_1_2' title='bbox 538 1279 745 1322; x_wconf 81' lang='lat' dir='ltr'>Guilelme</span> <span class='ocrx_word' id='word_1_3' title='bbox 774 1279 941 1321; x_wconf 79' lang='lat' dir='ltr'>Armini</span> <span class='ocrx_word' id='word_1_4' title='bbox 969 1278 1135 1332; x_wconf 89' lang='lat' dir='ltr'>Blume,</span> <span class='ocrx_word' id='word_1_5' title='bbox 1166 1279 1236 1321; x_wconf 90' lang='lat' dir='ltr'>dei</span> <span class='ocrx_word' id='word_1_6' title='bbox 1264 1278 1558 1334; x_wconf 88' lang='lat' dir='ltr'>omnipotentis</span> <span class='ocrx_word' id='word_1_7' title='bbox 1588 1292 1752 1320; x_wconf 87' lang='lat' dir='ltr'>summa</span> <span class='ocrx_word' id='word_1_8' title='bbox 1782 1279 2003 1320; x_wconf 87' lang='lat' dir='ltr'>clementia</span> <span class='ocrx_word' id='word_1_9' title='bbox 2034 1279 2229 1334; x_wconf 88' lang='lat' dir='ltr'>contigit,</span> <span class='ocrx_word' id='word_1_10' title='bbox 2260 1283 2306 1320; x_wconf 89' lang='lat' dir='ltr'>ut</span> <span class='ocrx_word' id='word_1_11' title='bbox 2334 1279 2447 1321; x_wconf 88' lang='lat' dir='ltr'>hunc</span> <span class='ocrx_word' id='word_1_12' title='bbox 2475 1279 2587 1322; x_wconf 85' lang='lat' dir='ltr'>diem</span> 
     </span>
     <span class='ocr_line' id='line_1_2' title="bbox 154 1345 2584 1402; baseline -0.001 -12"><span class='ocrx_word' id='word_1_13' title='bbox 154 1347 314 1391; x_wconf 77' lang='lat' dir='ltr'>videres</span> <span class='ocrx_word' id='word_1_14' title='bbox 344 1347 637 1399; x_wconf 86' lang='lat' dir='ltr'>laetissimum,</span> <span class='ocrx_word' id='word_1_15' title='bbox 670 1360 751 1402; x_wconf 90' lang='lat' dir='ltr'>quo</span> <span class='ocrx_word' id='word_1_16' title='bbox 782 1350 880 1389; x_wconf 89' lang='lat' dir='ltr'>ante</span> <span class='ocrx_word' id='word_1_17' title='bbox 911 1346 1059 1389; x_wconf 88' lang='lat' dir='ltr'>decem</span> <span class='ocrx_word' id='word_1_18' title='bbox 1086 1346 1219 1389; x_wconf 87' lang='lat' dir='ltr'>lustra</span> <span class='ocrx_word' id='word_1_19' title='bbox 1250 1370 1300 1377; x_wconf 90' lang='lat'>—</span> <span class='ocrx_word' id='word_1_20' title='bbox 1329 1346 1490 1401; x_wconf 80' lang='lat' dir='ltr'><strong>grande</strong></span> <span class='ocrx_word' id='word_1_21' title='bbox 1527 1359 1630 1388; x_wconf 85' lang='lat' dir='ltr'>sane</span> <span class='ocrx_word' id='word_1_22' title='bbox 1649 1345 1834 1388; x_wconf 89' lang='lat' dir='ltr'>mortalis</span> <span class='ocrx_word' id='word_1_23' title='bbox 1859 1346 1952 1388; x_wconf 85' lang='lat' dir='ltr'>aevi</span> <span class='ocrx_word' id='word_1_24' title='bbox 1980 1345 2163 1402; x_wconf 89' lang='lat' dir='ltr'>spatium</span> <span class='ocrx_word' id='word_1_25' title='bbox 2194 1370 2244 1375; x_wconf 87' lang='lat'>—</span> <span class='ocrx_word' id='word_1_26' title='bbox 2276 1360 2427 1389; x_wconf 89' lang='lat' dir='ltr'>munus</span> <span class='ocrx_word' id='word_1_27' title='bbox 2455 1346 2584 1389; x_wconf 87' lang='lat' dir='ltr'>hone-</span> 
     </span>
     <span class='ocr_line' id='line_1_3' title="bbox 153 1412 2585 1469; baseline 0 -13"><span class='ocrx_word' id='word_1_28' title='bbox 153 1414 380 1457; x_wconf 80' lang='lat' dir='ltr'>stissimum</span> <span class='ocrx_word' id='word_1_29' title='bbox 405 1414 631 1457; x_wconf 85' lang='lat' dir='ltr'>iuventutis</span> <span class='ocrx_word' id='word_1_30' title='bbox 663 1413 918 1457; x_wconf 82' lang='lat' dir='ltr'>erudiendae</span> <span class='ocrx_word' id='word_1_31' title='bbox 945 1426 991 1456; x_wconf 88' lang='lat' dir='ltr'>es</span> <span class='ocrx_word' id='word_1_32' title='bbox 1021 1413 1249 1469; x_wconf 86' lang='lat' dir='ltr'>ingressus.</span> <span class='ocrx_word' id='word_1_33' title='bbox 1287 1413 1381 1463; x_wconf 85' lang='lat' dir='ltr'>Quo</span> <span class='ocrx_word' id='word_1_34' title='bbox 1409 1414 1453 1457; x_wconf 90' lang='lat' dir='ltr'>in</span> <span class='ocrx_word' id='word_1_35' title='bbox 1481 1426 1655 1458; x_wconf 85' lang='lat' dir='ltr'>munere</span> <span class='ocrx_word' id='word_1_36' title='bbox 1684 1417 1887 1469; x_wconf 86' lang='lat' dir='ltr'>quantum</span> <span class='ocrx_word' id='word_1_37' title='bbox 1914 1412 2162 1469; x_wconf 84' lang='lat' dir='ltr'>profeceris,</span> <span class='ocrx_word' id='word_1_38' title='bbox 2200 1425 2284 1469; x_wconf 86' lang='lat' dir='ltr'>qua</span> <span class='ocrx_word' id='word_1_39' title='bbox 2311 1413 2585 1467; x_wconf 77' lang='lat' dir='ltr'>humanitate,</span> 
     </span>
     <span class='ocr_line' id='line_1_4' title="bbox 154 1479 2587 1538; baseline -0.001 -14"><span class='ocrx_word' id='word_1_40' title='bbox 154 1495 237 1538; x_wconf 88' lang='lat' dir='ltr'>qua</span> <span class='ocrx_word' id='word_1_41' title='bbox 264 1480 502 1537; x_wconf 83' lang='lat' dir='ltr'>diligentia,</span> <span class='ocrx_word' id='word_1_42' title='bbox 534 1494 618 1537; x_wconf 91' lang='lat' dir='ltr'>qua</span> <span class='ocrx_word' id='word_1_43' title='bbox 647 1480 850 1537; x_wconf 84' lang='lat' dir='ltr'>religione</span> <span class='ocrx_word' id='word_1_44' title='bbox 878 1480 919 1523; x_wconf 92' lang='lat' dir='ltr'>ei</span> <span class='ocrx_word' id='word_1_45' title='bbox 948 1479 1199 1536; x_wconf 85' lang='lat' dir='ltr'>praefueris,</span> <span class='ocrx_word' id='word_1_46' title='bbox 1247 1484 1349 1537; x_wconf 85' lang='lat' dir='ltr'>quot</span> <span class='ocrx_word' id='word_1_47' title='bbox 1376 1480 1662 1524; x_wconf 73' lang='lat' dir='ltr'><strong>adolescentes</strong></span> <span class='ocrx_word' id='word_1_48' title='bbox 1692 1479 1851 1522; x_wconf 89' lang='lat' dir='ltr'>artibus</span> <span class='ocrx_word' id='word_1_49' title='bbox 1879 1479 2120 1522; x_wconf 76' lang='lat' dir='ltr'>liberalibus</span> <span class='ocrx_word' id='word_1_50' title='bbox 2149 1479 2367 1533; x_wconf 89' lang='lat' dir='ltr'>imbueris,</span> <span class='ocrx_word' id='word_1_51' title='bbox 2411 1493 2587 1536; x_wconf 90' lang='lat' dir='ltr'>quorum</span> 
     </span>
     <span class='ocr_line' id='line_1_5' title="bbox 152 1546 2587 1605; baseline -0.001 -14"><span class='ocrx_word' id='word_1_52' title='bbox 152 1549 303 1592; x_wconf 86' lang='lat' dir='ltr'>multos</span> <span class='ocrx_word' id='word_1_53' title='bbox 332 1562 443 1591; x_wconf 90' lang='lat' dir='ltr'>nunc</span> <span class='ocrx_word' id='word_1_54' title='bbox 469 1548 596 1591; x_wconf 90' lang='lat' dir='ltr'>laude</span> <span class='ocrx_word' id='word_1_55' title='bbox 626 1552 753 1604; x_wconf 89' lang='lat' dir='ltr'>atque</span> <span class='ocrx_word' id='word_1_56' title='bbox 782 1547 987 1604; x_wconf 83' lang='lat' dir='ltr'>dignitate</span> <span class='ocrx_word' id='word_1_57' title='bbox 1015 1547 1163 1591; x_wconf 88' lang='lat' dir='ltr'>florere</span> <span class='ocrx_word' id='word_1_58' title='bbox 1190 1553 1263 1590; x_wconf 84' lang='lat' dir='ltr'>tuo</span> <span class='ocrx_word' id='word_1_59' title='bbox 1293 1548 1382 1590; x_wconf 90' lang='lat' dir='ltr'>iure</span> <span class='ocrx_word' id='word_1_60' title='bbox 1410 1548 1601 1602; x_wconf 86' lang='lat' dir='ltr'>laetaris,</span> <span class='ocrx_word' id='word_1_61' title='bbox 1640 1561 1723 1605; x_wconf 85' lang='lat' dir='ltr'>qua</span> <span class='ocrx_word' id='word_1_62' title='bbox 1753 1548 1972 1590; x_wconf 87' lang='lat' dir='ltr'>clementia</span> <span class='ocrx_word' id='word_1_63' title='bbox 2001 1551 2127 1604; x_wconf 86' lang='lat' dir='ltr'>atque</span> <span class='ocrx_word' id='word_1_64' title='bbox 2157 1546 2416 1603; x_wconf 77' lang='lat' dir='ltr'>benignitate</span> <span class='ocrx_word' id='word_1_65' title='bbox 2446 1561 2587 1590; x_wconf 88' lang='lat' dir='ltr'>erran-</span> 
     </span>
     <span class='ocr_line' id='line_1_6' title="bbox 151 1615 2590 1672; baseline -0.002 -12"><span class='ocrx_word' id='word_1_66' title='bbox 151 1622 216 1660; x_wconf 86' lang='lat' dir='ltr'>tes</span> <span class='ocrx_word' id='word_1_67' title='bbox 244 1617 300 1659; x_wconf 89' lang='lat' dir='ltr'>ad</span> <span class='ocrx_word' id='word_1_68' title='bbox 328 1616 440 1658; x_wconf 83' lang='lat' dir='ltr'>viam</span> <span class='ocrx_word' id='word_1_69' title='bbox 468 1620 627 1659; x_wconf 89' lang='lat' dir='ltr'>rectam</span> <span class='ocrx_word' id='word_1_70' title='bbox 657 1615 896 1669; x_wconf 86' lang='lat' dir='ltr'>reduxeris,</span> <span class='ocrx_word' id='word_1_71' title='bbox 945 1615 1136 1657; x_wconf 79' lang='lat' dir='ltr'>labantes</span> <span class='ocrx_word' id='word_1_72' title='bbox 1174 1615 1422 1657; x_wconf 71' lang='lat' dir='ltr'>sustinueris</span> <span class='ocrx_word' id='word_1_73' title='bbox 1462 1625 1504 1658; x_wconf 91' lang='lat' dir='ltr'>et</span> <span class='ocrx_word' id='word_1_74' title='bbox 1543 1616 1872 1669; x_wconf 87' lang='lat' dir='ltr'>confirmaveris,</span> <span class='ocrx_word' id='word_1_75' title='bbox 1911 1629 1995 1672; x_wconf 90' lang='lat' dir='ltr'>qua</span> <span class='ocrx_word' id='word_1_76' title='bbox 2023 1615 2136 1657; x_wconf 91' lang='lat' dir='ltr'>fideli</span> <span class='ocrx_word' id='word_1_77' title='bbox 2175 1628 2294 1667; x_wconf 90' lang='lat' dir='ltr'>cura,</span> <span class='ocrx_word' id='word_1_78' title='bbox 2335 1629 2418 1671; x_wconf 87' lang='lat' dir='ltr'>quo</span> <span class='ocrx_word' id='word_1_79' title='bbox 2448 1629 2590 1657; x_wconf 90' lang='lat' dir='ltr'>amore</span> 
     </span>
     <span class='ocr_line' id='line_1_7' title="bbox 152 1682 2592 1740; baseline -0.001 -13"><span class='ocrx_word' id='word_1_80' title='bbox 152 1684 333 1740; x_wconf 88' lang='lat' dir='ltr'>collegas</span> <span class='ocrx_word' id='word_1_81' title='bbox 362 1697 578 1740; x_wconf 89' lang='lat' dir='ltr'>nunquam</span> <span class='ocrx_word' id='word_1_82' title='bbox 606 1697 692 1726; x_wconf 90' lang='lat' dir='ltr'>non</span> <span class='ocrx_word' id='word_1_83' title='bbox 720 1684 941 1736; x_wconf 89' lang='lat' dir='ltr'>adiuveris,</span> <span class='ocrx_word' id='word_1_84' title='bbox 962 1696 1088 1739; x_wconf 89' lang='lat' dir='ltr'>quam</span> <span class='ocrx_word' id='word_1_85' title='bbox 1115 1682 1223 1725; x_wconf 91' lang='lat' dir='ltr'>bene</span> <span class='ocrx_word' id='word_1_86' title='bbox 1252 1682 1367 1725; x_wconf 90' lang='lat' dir='ltr'>libris</span> <span class='ocrx_word' id='word_1_87' title='bbox 1401 1684 1450 1725; x_wconf 89' lang='lat' dir='ltr'>iis</span> <span class='ocrx_word' id='word_1_88' title='bbox 1464 1715 1475 1736; x_wconf 95' lang='lat'>,</span> <span class='ocrx_word' id='word_1_89' title='bbox 1499 1698 1603 1740; x_wconf 86' lang='lat' dir='ltr'>quos</span> <span class='ocrx_word' id='word_1_90' title='bbox 1623 1684 1678 1726; x_wconf 89' lang='lat' dir='ltr'>ad</span> <span class='ocrx_word' id='word_1_91' title='bbox 1707 1697 1829 1724; x_wconf 90' lang='lat' dir='ltr'>usum</span> <span class='ocrx_word' id='word_1_92' title='bbox 1859 1689 1900 1724; x_wconf 89' lang='lat' dir='ltr'>et</span> <span class='ocrx_word' id='word_1_93' title='bbox 1919 1683 2215 1738; x_wconf 87' lang='lat' dir='ltr'>magistrorum</span> <span class='ocrx_word' id='word_1_94' title='bbox 2234 1688 2277 1724; x_wconf 89' lang='lat' dir='ltr'>et</span> <span class='ocrx_word' id='word_1_95' title='bbox 2296 1682 2592 1739; x_wconf 89' lang='lat' dir='ltr'>discipulorum</span> 
     </span>
     <span class='ocr_line' id='line_1_8' title="bbox 154 1750 2592 1807; baseline -0.001 -14"><span class='ocrx_word' id='word_1_96' title='bbox 154 1751 439 1807; x_wconf 81' lang='lat' dir='ltr'>composuisti,</span> <span class='ocrx_word' id='word_1_97' title='bbox 484 1751 538 1792; x_wconf 90' lang='lat' dir='ltr'>de</span> <span class='ocrx_word' id='word_1_98' title='bbox 571 1751 767 1792; x_wconf 87' lang='lat' dir='ltr'>universa</span> <span class='ocrx_word' id='word_1_99' title='bbox 795 1751 1021 1792; x_wconf 84' lang='lat' dir='ltr'>iuventutis</span> <span class='ocrx_word' id='word_1_100' title='bbox 1051 1751 1282 1793; x_wconf 79' lang='lat' dir='ltr'>eruditione</span> <span class='ocrx_word' id='word_1_101' title='bbox 1319 1752 1522 1793; x_wconf 89' lang='lat' dir='ltr'>merueris</span> <span class='ocrx_word' id='word_1_102' title='bbox 1536 1784 1548 1805; x_wconf 89' lang='lat'>,</span> <span class='ocrx_word' id='word_1_103' title='bbox 1593 1767 1644 1794; x_wconf 87' lang='lat' dir='ltr'>ea</span> <span class='ocrx_word' id='word_1_104' title='bbox 1673 1751 1813 1794; x_wconf 89' lang='lat' dir='ltr'>omnia</span> <span class='ocrx_word' id='word_1_105' title='bbox 1840 1750 1919 1792; x_wconf 91' lang='lat' dir='ltr'>hoc</span> <span class='ocrx_word' id='word_1_106' title='bbox 1957 1751 2047 1791; x_wconf 90' lang='lat' dir='ltr'>loco</span> <span class='ocrx_word' id='word_1_107' title='bbox 2077 1750 2320 1805; x_wconf 90' lang='lat' dir='ltr'>praedicare</span> <span class='ocrx_word' id='word_1_108' title='bbox 2350 1750 2592 1805; x_wconf 90' lang='lat' dir='ltr'>meritisque</span> 
     </span>
     <span class='ocr_line' id='line_1_9' title="bbox 154 1817 2591 1874; baseline -0 -14"><span class='ocrx_word' id='word_1_109' title='bbox 154 1818 348 1860; x_wconf 87' lang='lat' dir='ltr'>laudibus</span> <span class='ocrx_word' id='word_1_110' title='bbox 377 1832 582 1859; x_wconf 86' lang='lat' dir='ltr'>exornare</span> <span class='ocrx_word' id='word_1_111' title='bbox 612 1821 801 1859; x_wconf 83' lang='lat' dir='ltr'>nostrum</span> <span class='ocrx_word' id='word_1_112' title='bbox 829 1831 912 1859; x_wconf 91' lang='lat' dir='ltr'>non</span> <span class='ocrx_word' id='word_1_113' title='bbox 942 1822 1018 1860; x_wconf 89' lang='lat' dir='ltr'>est.</span> <span class='ocrx_word' id='word_1_114' title='bbox 1078 1818 1279 1873; x_wconf 85' lang='lat' dir='ltr'>Tuaeque</span> <span class='ocrx_word' id='word_1_115' title='bbox 1319 1819 1514 1874; x_wconf 88' lang='lat' dir='ltr'>egregiae</span> <span class='ocrx_word' id='word_1_116' title='bbox 1550 1819 1692 1862; x_wconf 78' lang='lat' dir='ltr'>virtuti</span> <span class='ocrx_word' id='word_1_117' title='bbox 1721 1819 1923 1860; x_wconf 85' lang='lat' dir='ltr'>laetamur</span> <span class='ocrx_word' id='word_1_118' title='bbox 1961 1822 2089 1872; x_wconf 89' lang='lat' dir='ltr'>atque</span> <span class='ocrx_word' id='word_1_119' title='bbox 2117 1817 2378 1872; x_wconf 83' lang='lat' dir='ltr'>gratulamur</span> <span class='ocrx_word' id='word_1_120' title='bbox 2405 1831 2490 1860; x_wconf 90' lang='lat' dir='ltr'>non</span> <span class='ocrx_word' id='word_1_121' title='bbox 2519 1817 2591 1861; x_wconf 88' lang='lat' dir='ltr'>de-</span> 
     </span>
     <span class='ocr_line' id='line_1_10' title="bbox 152 1885 2592 1942; baseline 0 -15"><span class='ocrx_word' id='word_1_122' title='bbox 152 1887 280 1927; x_wconf 87' lang='lat' dir='ltr'>fuisse</span> <span class='ocrx_word' id='word_1_123' title='bbox 307 1885 548 1927; x_wconf 85' lang='lat' dir='ltr'>felicitatem</span> <span class='ocrx_word' id='word_1_124' title='bbox 577 1890 618 1927; x_wconf 92' lang='lat' dir='ltr'>et</span> <span class='ocrx_word' id='word_1_125' title='bbox 648 1889 854 1927; x_wconf 90' lang='lat' dir='ltr'>eventum.</span> <span class='ocrx_word' id='word_1_126' title='bbox 913 1885 1026 1927; x_wconf 87' lang='lat' dir='ltr'>Nam</span> <span class='ocrx_word' id='word_1_127' title='bbox 1059 1888 1127 1938; x_wconf 90' lang='lat' dir='ltr'>tu,</span> <span class='ocrx_word' id='word_1_128' title='bbox 1165 1886 1229 1927; x_wconf 88' lang='lat' dir='ltr'>vir</span> <span class='ocrx_word' id='word_1_129' title='bbox 1258 1886 1543 1940; x_wconf 85' lang='lat' dir='ltr'>dilectissime,</span> <span class='ocrx_word' id='word_1_130' title='bbox 1586 1887 1699 1929; x_wconf 88' lang='lat' dir='ltr'>velut</span> <span class='ocrx_word' id='word_1_131' title='bbox 1728 1886 1964 1942; x_wconf 85' lang='lat' dir='ltr'>patriarcha</span> <span class='ocrx_word' id='word_1_132' title='bbox 1994 1885 2165 1941; x_wconf 89' lang='lat' dir='ltr'>quidam</span> <span class='ocrx_word' id='word_1_133' title='bbox 2193 1885 2317 1928; x_wconf 89' lang='lat' dir='ltr'>flores</span> <span class='ocrx_word' id='word_1_134' title='bbox 2345 1887 2592 1941; x_wconf 85' lang='lat' dir='ltr'>frequentis-</span> 
     </span>
     <span class='ocr_line' id='line_1_11' title="bbox 151 1953 2593 2010; baseline -0 -15"><span class='ocrx_word' id='word_1_135' title='bbox 151 1956 257 1996; x_wconf 88' lang='lat' dir='ltr'>sima</span> <span class='ocrx_word' id='word_1_136' title='bbox 285 1954 462 2010; x_wconf 91' lang='lat' dir='ltr'>stipatus</span> <span class='ocrx_word' id='word_1_137' title='bbox 491 1958 662 1995; x_wconf 89' lang='lat' dir='ltr'>tuorum</span> <span class='ocrx_word' id='word_1_138' title='bbox 695 1958 884 2005; x_wconf 81' lang='lat' dir='ltr'>caterva,</span> <span class='ocrx_word' id='word_1_139' title='bbox 930 1954 1002 2009; x_wconf 90' lang='lat' dir='ltr'>qui</span> <span class='ocrx_word' id='word_1_140' title='bbox 1032 1967 1177 1995; x_wconf 88' lang='lat' dir='ltr'>omnes</span> <span class='ocrx_word' id='word_1_141' title='bbox 1216 1967 1381 1996; x_wconf 91' lang='lat' dir='ltr'>summo</span> <span class='ocrx_word' id='word_1_142' title='bbox 1418 1969 1559 1996; x_wconf 89' lang='lat' dir='ltr'>amore</span> <span class='ocrx_word' id='word_1_143' title='bbox 1598 1968 1844 2009; x_wconf 89' lang='lat' dir='ltr'>summaque</span> <span class='ocrx_word' id='word_1_144' title='bbox 1881 1954 2039 2010; x_wconf 89' lang='lat' dir='ltr'>pietate</span> <span class='ocrx_word' id='word_1_145' title='bbox 2076 1957 2118 1995; x_wconf 87' lang='lat' dir='ltr'>te</span> <span class='ocrx_word' id='word_1_146' title='bbox 2148 1953 2468 2009; x_wconf 84' lang='lat' dir='ltr'>amplectuntur.</span> <span class='ocrx_word' id='word_1_147' title='bbox 2526 1953 2593 1995; x_wconf 90' lang='lat' dir='ltr'>En</span> 
     </span>
     <span class='ocr_line' id='line_1_12' title="bbox 154 2020 2593 2079; baseline -0.001 -14"><span class='ocrx_word' id='word_1_148' title='bbox 154 2036 260 2065; x_wconf 84' lang='lat' dir='ltr'>uxor</span> <span class='ocrx_word' id='word_1_149' title='bbox 290 2022 516 2074; x_wconf 86' lang='lat' dir='ltr'>carissima,</span> <span class='ocrx_word' id='word_1_150' title='bbox 538 2021 686 2064; x_wconf 90' lang='lat' dir='ltr'>mulier</span> <span class='ocrx_word' id='word_1_151' title='bbox 715 2020 946 2063; x_wconf 85' lang='lat' dir='ltr'>lectissima</span> <span class='ocrx_word' id='word_1_152' title='bbox 974 2025 1100 2077; x_wconf 92' lang='lat' dir='ltr'>atque</span> <span class='ocrx_word' id='word_1_153' title='bbox 1129 2022 1406 2076; x_wconf 88' lang='lat' dir='ltr'>ornatissima,</span> <span class='ocrx_word' id='word_1_154' title='bbox 1426 2035 1501 2079; x_wconf 88' lang='lat' dir='ltr'>per</span> <span class='ocrx_word' id='word_1_155' title='bbox 1530 2026 1592 2065; x_wconf 90' lang='lat' dir='ltr'>tot</span> <span class='ocrx_word' id='word_1_156' title='bbox 1622 2036 1755 2065; x_wconf 90' lang='lat' dir='ltr'>annos</span> <span class='ocrx_word' id='word_1_157' title='bbox 1784 2036 1947 2065; x_wconf 88' lang='lat' dir='ltr'>summo</span> <span class='ocrx_word' id='word_1_158' title='bbox 1976 2035 2119 2064; x_wconf 90' lang='lat' dir='ltr'>amore</span> <span class='ocrx_word' id='word_1_159' title='bbox 2148 2035 2396 2078; x_wconf 90' lang='lat' dir='ltr'>summaque</span> <span class='ocrx_word' id='word_1_160' title='bbox 2425 2035 2593 2064; x_wconf 88' lang='lat' dir='ltr'>concor·</span> 
     </span>
     <span class='ocr_line' id='line_1_13' title="bbox 154 2088 2594 2146; baseline 0 -14"><span class='ocrx_word' id='word_1_161' title='bbox 154 2091 224 2133; x_wconf 91' lang='lat' dir='ltr'>dia</span> <span class='ocrx_word' id='word_1_162' title='bbox 251 2093 389 2132; x_wconf 86' lang='lat' dir='ltr'>tecum</span> <span class='ocrx_word' id='word_1_163' title='bbox 419 2090 642 2132; x_wconf 88' lang='lat' dir='ltr'>coniuncta</span> <span class='ocrx_word' id='word_1_164' title='bbox 671 2092 713 2131; x_wconf 89' lang='lat' dir='ltr'>et</span> <span class='ocrx_word' id='word_1_165' title='bbox 742 2088 957 2145; x_wconf 83' lang='lat' dir='ltr'>copulata!</span> <span class='ocrx_word' id='word_1_166' title='bbox 988 2102 1042 2131; x_wconf 93' lang='lat' dir='ltr'>en</span> <span class='ocrx_word' id='word_1_167' title='bbox 1069 2089 1164 2143; x_wconf 88' lang='lat' dir='ltr'>filii,</span> <span class='ocrx_word' id='word_1_168' title='bbox 1195 2090 1273 2131; x_wconf 88' lang='lat' dir='ltr'>viri</span> <span class='ocrx_word' id='word_1_169' title='bbox 1301 2090 1537 2144; x_wconf 87' lang='lat' dir='ltr'>fortissimi,</span> <span class='ocrx_word' id='word_1_170' title='bbox 1568 2090 1639 2146; x_wconf 92' lang='lat' dir='ltr'>qui</span> <span class='ocrx_word' id='word_1_171' title='bbox 1668 2090 1820 2146; x_wconf 87' lang='lat' dir='ltr'>patris,</span> <span class='ocrx_word' id='word_1_172' title='bbox 1865 2091 1936 2145; x_wconf 93' lang='lat' dir='ltr'>qui</span> <span class='ocrx_word' id='word_1_173' title='bbox 1965 2095 2007 2132; x_wconf 90' lang='lat' dir='ltr'>et</span> <span class='ocrx_word' id='word_1_174' title='bbox 2034 2091 2125 2146; x_wconf 89' lang='lat' dir='ltr'>ipse</span> <span class='ocrx_word' id='word_1_175' title='bbox 2155 2089 2397 2132; x_wconf 84' lang='lat' dir='ltr'>adolescens</span> <span class='ocrx_word' id='word_1_176' title='bbox 2425 2089 2594 2132; x_wconf 89' lang='lat' dir='ltr'>nobilis·</span> 
     </span>
     <span class='ocr_line' id='line_1_14' title="bbox 154 2157 2594 2213; baseline 0 -14"><span class='ocrx_word' id='word_1_177' title='bbox 154 2159 258 2199; x_wconf 89' lang='lat' dir='ltr'>simo</span> <span class='ocrx_word' id='word_1_178' title='bbox 285 2158 449 2213; x_wconf 87' lang='lat' dir='ltr'>patriae</span> <span class='ocrx_word' id='word_1_179' title='bbox 479 2171 624 2199; x_wconf 91' lang='lat' dir='ltr'>amore</span> <span class='ocrx_word' id='word_1_180' title='bbox 653 2157 935 2199; x_wconf 85' lang='lat' dir='ltr'>inflammatus</span> <span class='ocrx_word' id='word_1_181' title='bbox 973 2170 1091 2198; x_wconf 89' lang='lat' dir='ltr'>arma</span> <span class='ocrx_word' id='word_1_182' title='bbox 1119 2157 1175 2198; x_wconf 91' lang='lat' dir='ltr'>ad</span> <span class='ocrx_word' id='word_1_183' title='bbox 1213 2157 1395 2213; x_wconf 88' lang='lat' dir='ltr'>patriam</span> <span class='ocrx_word' id='word_1_184' title='bbox 1423 2158 1682 2200; x_wconf 86' lang='lat' dir='ltr'>liberandam</span> <span class='ocrx_word' id='word_1_185' title='bbox 1710 2158 1877 2213; x_wconf 83' lang='lat' dir='ltr'>cepisti,</span> <span class='ocrx_word' id='word_1_186' title='bbox 1910 2158 2151 2213; x_wconf 85' lang='lat' dir='ltr'>exemplum</span> <span class='ocrx_word' id='word_1_187' title='bbox 2180 2158 2311 2199; x_wconf 87' lang='lat' dir='ltr'>secuti</span> <span class='ocrx_word' id='word_1_188' title='bbox 2339 2159 2425 2199; x_wconf 89' lang='lat' dir='ltr'>iam</span> <span class='ocrx_word' id='word_1_189' title='bbox 2453 2171 2594 2199; x_wconf 89' lang='lat' dir='ltr'>rerum</span> 
     </span>
     <span class='ocr_line' id='line_1_15' title="bbox 153 2223 2594 2282; baseline -0 -13"><span class='ocrx_word' id='word_1_190' title='bbox 153 2230 367 2281; x_wconf 88' lang='lat' dir='ltr'>gestarum</span> <span class='ocrx_word' id='word_1_191' title='bbox 395 2225 546 2267; x_wconf 89' lang='lat' dir='ltr'>florent</span> <span class='ocrx_word' id='word_1_192' title='bbox 574 2224 727 2280; x_wconf 89' lang='lat' dir='ltr'>gloria,</span> <span class='ocrx_word' id='word_1_193' title='bbox 759 2224 867 2267; x_wconf 91' lang='lat' dir='ltr'>bello</span> <span class='ocrx_word' id='word_1_194' title='bbox 898 2223 1009 2280; x_wconf 91' lang='lat' dir='ltr'>quod</span> <span class='ocrx_word' id='word_1_195' title='bbox 1037 2224 1229 2280; x_wconf 86' lang='lat' dir='ltr'>proximo</span> <span class='ocrx_word' id='word_1_196' title='bbox 1260 2238 1370 2268; x_wconf 89' lang='lat' dir='ltr'>anno</span> <span class='ocrx_word' id='word_1_197' title='bbox 1402 2225 1505 2268; x_wconf 89' lang='lat' dir='ltr'>benc</span> <span class='ocrx_word' id='word_1_198' title='bbox 1534 2225 1762 2282; x_wconf 86' lang='lat' dir='ltr'>gessimus,</span> <span class='ocrx_word' id='word_1_199' title='bbox 1803 2225 1967 2281; x_wconf 89' lang='lat' dir='ltr'>probati</span> <span class='ocrx_word' id='word_1_200' title='bbox 1996 2228 2122 2281; x_wconf 90' lang='lat' dir='ltr'>atque</span> <span class='ocrx_word' id='word_1_201' title='bbox 2151 2225 2350 2282; x_wconf 86' lang='lat' dir='ltr'>spectati!</span> <span class='ocrx_word' id='word_1_202' title='bbox 2399 2238 2453 2267; x_wconf 89' lang='lat' dir='ltr'>en</span> <span class='ocrx_word' id='word_1_203' title='bbox 2481 2225 2594 2268; x_wconf 88' lang='lat' dir='ltr'>filiae</span> 
     </span>
     <span class='ocr_line' id='line_1_16' title="bbox 153 2291 2596 2350; baseline 0 -15"><span class='ocrx_word' id='word_1_204' title='bbox 153 2307 298 2336; x_wconf 91' lang='lat' dir='ltr'>omnes</span> <span class='ocrx_word' id='word_1_205' title='bbox 327 2291 437 2336; x_wconf 85' lang='lat' dir='ltr'>felici</span> <span class='ocrx_word' id='word_1_206' title='bbox 466 2292 734 2335; x_wconf 88' lang='lat' dir='ltr'>matrimonio</span> <span class='ocrx_word' id='word_1_207' title='bbox 756 2291 951 2347; x_wconf 87' lang='lat' dir='ltr'>junctae!</span> <span class='ocrx_word' id='word_1_208' title='bbox 988 2294 1156 2335; x_wconf 87' lang='lat' dir='ltr'>caterva</span> <span class='ocrx_word' id='word_1_209' title='bbox 1183 2305 1282 2336; x_wconf 86' lang='lat' dir='ltr'>vero</span> <span class='ocrx_word' id='word_1_210' title='bbox 1311 2297 1511 2350; x_wconf 90' lang='lat' dir='ltr'>nepotum</span> <span class='ocrx_word' id='word_1_211' title='bbox 1541 2298 1667 2350; x_wconf 89' lang='lat' dir='ltr'>atque</span> <span class='ocrx_word' id='word_1_212' title='bbox 1692 2292 1882 2349; x_wconf 87' lang='lat' dir='ltr'>neptium</span> <span class='ocrx_word' id='word_1_213' title='bbox 1901 2305 2037 2349; x_wconf 86' lang='lat' dir='ltr'>paene</span> <span class='ocrx_word' id='word_1_214' title='bbox 2055 2292 2236 2346; x_wconf 87' lang='lat' dir='ltr'>infinita,</span> <span class='ocrx_word' id='word_1_215' title='bbox 2265 2292 2318 2335; x_wconf 92' lang='lat' dir='ltr'>de</span> <span class='ocrx_word' id='word_1_216' title='bbox 2347 2293 2499 2349; x_wconf 87' lang='lat' dir='ltr'>quibus</span> <span class='ocrx_word' id='word_1_217' title='bbox 2528 2294 2596 2336; x_wconf 85' lang='lat' dir='ltr'>vel</span> 
     </span>
     <span class='ocr_line' id='line_1_17' title="bbox 154 2359 2597 2420; baseline -0 -14"><span class='ocrx_word' id='word_1_218' title='bbox 154 2362 311 2420; x_wconf 87' lang='lat' dir='ltr'>optima</span> <span class='ocrx_word' id='word_1_219' title='bbox 339 2361 436 2404; x_wconf 91' lang='lat' dir='ltr'>licet</span> <span class='ocrx_word' id='word_1_220' title='bbox 466 2374 656 2417; x_wconf 88' lang='lat' dir='ltr'>sperare,</span> <span class='ocrx_word' id='word_1_221' title='bbox 697 2360 765 2403; x_wconf 90' lang='lat' dir='ltr'>vel</span> <span class='ocrx_word' id='word_1_222' title='bbox 794 2360 885 2417; x_wconf 87' lang='lat' dir='ltr'>spei</span> <span class='ocrx_word' id='word_1_223' title='bbox 915 2373 1042 2416; x_wconf 89' lang='lat' dir='ltr'>quam</span> <span class='ocrx_word' id='word_1_224' title='bbox 1070 2359 1124 2403; x_wconf 92' lang='lat' dir='ltr'>de</span> <span class='ocrx_word' id='word_1_225' title='bbox 1152 2360 1202 2403; x_wconf 91' lang='lat' dir='ltr'>iis</span> <span class='ocrx_word' id='word_1_226' title='bbox 1233 2375 1504 2419; x_wconf 76' lang='lat' dir='ltr'>conceperaS,</span> <span class='ocrx_word' id='word_1_227' title='bbox 1553 2362 1638 2405; x_wconf 90' lang='lat' dir='ltr'>iam</span> <span class='ocrx_word' id='word_1_228' title='bbox 1667 2360 1983 2418; x_wconf 74' lang='lat' dir='ltr'>responderunt,</span> <span class='ocrx_word' id='word_1_229' title='bbox 2044 2359 2202 2404; x_wconf 87' lang='lat' dir='ltr'>Omnes</span> <span class='ocrx_word' id='word_1_230' title='bbox 2240 2360 2316 2404; x_wconf 88' lang='lat' dir='ltr'>tibi</span> <span class='ocrx_word' id='word_1_231' title='bbox 2344 2360 2457 2404; x_wconf 87' lang='lat' dir='ltr'>hunc</span> <span class='ocrx_word' id='word_1_232' title='bbox 2485 2361 2597 2405; x_wconf 89' lang='lat' dir='ltr'>diem</span> 
     </span>
     <span class='ocr_line' id='line_1_18' title="bbox 154 2427 2599 2486; baseline -0.001 -13"><span class='ocrx_word' id='word_1_233' title='bbox 154 2432 308 2473; x_wconf 87' lang='lat' dir='ltr'>festum</span> <span class='ocrx_word' id='word_1_234' title='bbox 336 2428 625 2485; x_wconf 79' lang='lat' dir='ltr'>gratulantur,</span> <span class='ocrx_word' id='word_1_235' title='bbox 663 2441 808 2470; x_wconf 88' lang='lat' dir='ltr'>omnes</span> <span class='ocrx_word' id='word_1_236' title='bbox 837 2434 885 2469; x_wconf 87' lang='lat' dir='ltr'>ut</span> <span class='ocrx_word' id='word_1_237' title='bbox 912 2428 980 2469; x_wconf 89' lang='lat' dir='ltr'>hic</span> <span class='ocrx_word' id='word_1_238' title='bbox 1008 2427 1084 2469; x_wconf 84' lang='lat' dir='ltr'>tibi</span> <span class='ocrx_word' id='word_1_239' title='bbox 1112 2428 1201 2470; x_wconf 87' lang='lat' dir='ltr'>dies</span> <span class='ocrx_word' id='word_1_240' title='bbox 1230 2429 1394 2470; x_wconf 87' lang='lat' dir='ltr'>faustus</span> <span class='ocrx_word' id='word_1_241' title='bbox 1423 2430 1740 2485; x_wconf 88' lang='lat' dir='ltr'>fortunatusque</span> <span class='ocrx_word' id='word_1_242' title='bbox 1770 2430 1822 2469; x_wconf 89' lang='lat' dir='ltr'>sit</span> <span class='ocrx_word' id='word_1_243' title='bbox 1851 2433 2008 2484; x_wconf 84' lang='lat' dir='ltr'>optant.</span> <span class='ocrx_word' id='word_1_244' title='bbox 2068 2430 2219 2484; x_wconf 90' lang='lat' dir='ltr'>Neque</span> <span class='ocrx_word' id='word_1_245' title='bbox 2247 2434 2411 2471; x_wconf 86' lang='lat' dir='ltr'>tantum</span> <span class='ocrx_word' id='word_1_246' title='bbox 2439 2430 2497 2482; x_wconf 89' lang='lat' dir='ltr'>hi,</span> <span class='ocrx_word' id='word_1_247' title='bbox 2527 2432 2599 2486; x_wconf 90' lang='lat' dir='ltr'>qui</span> 
     </span>
     <span class='ocr_line' id='line_1_19' title="bbox 156 2497 2600 2553; baseline -0 -13"><span class='ocrx_word' id='word_1_248' title='bbox 156 2498 373 2540; x_wconf 85' lang='lat' dir='ltr'>artissimis</span> <span class='ocrx_word' id='word_1_249' title='bbox 403 2497 620 2552; x_wconf 86' lang='lat' dir='ltr'>sanguinis</span> <span class='ocrx_word' id='word_1_250' title='bbox 654 2497 831 2537; x_wconf 83' lang='lat' dir='ltr'>vinculis</span> <span class='ocrx_word' id='word_1_251' title='bbox 860 2500 998 2537; x_wconf 87' lang='lat' dir='ltr'>tecum</span> <span class='ocrx_word' id='word_1_252' title='bbox 1037 2501 1134 2536; x_wconf 89' lang='lat' dir='ltr'>sunt</span> <span class='ocrx_word' id='word_1_253' title='bbox 1163 2497 1371 2538; x_wconf 78' lang='lat' dir='ltr'>coniuncti</span> <span class='ocrx_word' id='word_1_254' title='bbox 1398 2498 1586 2553; x_wconf 87' lang='lat' dir='ltr'>gaudent</span> <span class='ocrx_word' id='word_1_255' title='bbox 1614 2502 1740 2552; x_wconf 89' lang='lat' dir='ltr'>atque</span> <span class='ocrx_word' id='word_1_256' title='bbox 1771 2497 1979 2549; x_wconf 80' lang='lat' dir='ltr'>exultant,</span> <span class='ocrx_word' id='word_1_257' title='bbox 2028 2497 2217 2552; x_wconf 86' lang='lat' dir='ltr'>gaudent</span> <span class='ocrx_word' id='word_1_258' title='bbox 2253 2501 2380 2553; x_wconf 89' lang='lat' dir='ltr'>atque</span> <span class='ocrx_word' id='word_1_259' title='bbox 2409 2497 2600 2539; x_wconf 84' lang='lat' dir='ltr'>exultant</span> 
     </span>
     <span class='ocr_line' id='line_1_20' title="bbox 157 2564 2598 2622; baseline -0.001 -13"><span class='ocrx_word' id='word_1_260' title='bbox 157 2566 349 2622; x_wconf 87' lang='lat' dir='ltr'>discipuli</span> <span class='ocrx_word' id='word_1_261' title='bbox 378 2577 544 2620; x_wconf 92' lang='lat' dir='ltr'>quoque</span> <span class='ocrx_word' id='word_1_262' title='bbox 573 2565 635 2605; x_wconf 91' lang='lat' dir='ltr'>tui</span> <span class='ocrx_word' id='word_1_263' title='bbox 663 2564 861 2620; x_wconf 85' lang='lat' dir='ltr'>permulti</span> <span class='ocrx_word' id='word_1_264' title='bbox 888 2564 1048 2620; x_wconf 89' lang='lat' dir='ltr'>tibique</span> <span class='ocrx_word' id='word_1_265' title='bbox 1075 2564 1276 2620; x_wconf 87' lang='lat' dir='ltr'>pietatem</span> <span class='ocrx_word' id='word_1_266' title='bbox 1303 2568 1555 2621; x_wconf 90' lang='lat' dir='ltr'>gratumque</span> <span class='ocrx_word' id='word_1_267' title='bbox 1584 2565 1770 2606; x_wconf 89' lang='lat' dir='ltr'>animum</span> <span class='ocrx_word' id='word_1_268' title='bbox 1800 2564 2048 2620; x_wconf 90' lang='lat' dir='ltr'>significant.</span> <span class='ocrx_word' id='word_1_269' title='bbox 2094 2565 2361 2622; x_wconf 85' lang='lat' dir='ltr'>Quapropter</span> <span class='ocrx_word' id='word_1_270' title='bbox 2389 2579 2466 2606; x_wconf 89' lang='lat' dir='ltr'>nos</span> <span class='ocrx_word' id='word_1_271' title='bbox 2497 2579 2598 2621; x_wconf 92' lang='lat' dir='ltr'>quo-</span> 
     </span>
     <span class='ocr_line' id='line_1_21' title="bbox 154 2631 2597 2690; baseline -0 -15"><span class='ocrx_word' id='word_1_272' title='bbox 154 2648 235 2690; x_wconf 92' lang='lat' dir='ltr'>que</span> <span class='ocrx_word' id='word_1_273' title='bbox 265 2634 403 2685; x_wconf 89' lang='lat' dir='ltr'>decet,</span> <span class='ocrx_word' id='word_1_274' title='bbox 425 2633 496 2688; x_wconf 90' lang='lat' dir='ltr'>qui</span> <span class='ocrx_word' id='word_1_275' title='bbox 526 2633 562 2674; x_wconf 90' lang='lat' dir='ltr'>si</span> <span class='ocrx_word' id='word_1_276' title='bbox 592 2646 677 2674; x_wconf 90' lang='lat' dir='ltr'>non</span> <span class='ocrx_word' id='word_1_277' title='bbox 706 2633 912 2687; x_wconf 89' lang='lat' dir='ltr'>sanguine</span> <span class='ocrx_word' id='word_1_278' title='bbox 940 2636 984 2673; x_wconf 85' lang='lat' dir='ltr'>at</span> <span class='ocrx_word' id='word_1_279' title='bbox 1013 2631 1246 2674; x_wconf 86' lang='lat' dir='ltr'>studiorum</span> <span class='ocrx_word' id='word_1_280' title='bbox 1273 2634 1542 2689; x_wconf 90' lang='lat' dir='ltr'>munerisque</span> <span class='ocrx_word' id='word_1_281' title='bbox 1571 2633 1824 2689; x_wconf 90' lang='lat' dir='ltr'>aequalitate</span> <span class='ocrx_word' id='word_1_282' title='bbox 1854 2637 1897 2675; x_wconf 89' lang='lat' dir='ltr'>et</span> <span class='ocrx_word' id='word_1_283' title='bbox 1924 2633 2136 2677; x_wconf 82' lang='lat' dir='ltr'>vicinitate</span> <span class='ocrx_word' id='word_1_284' title='bbox 2163 2634 2400 2690; x_wconf 83' lang='lat' dir='ltr'>propinqua</span> <span class='ocrx_word' id='word_1_285' title='bbox 2428 2637 2470 2675; x_wconf 86' lang='lat' dir='ltr'>te</span> <span class='ocrx_word' id='word_1_286' title='bbox 2501 2647 2597 2675; x_wconf 89' lang='lat' dir='ltr'>con-</span> 
     </span>
     <span class='ocr_line' id='line_1_22' title="bbox 154 2700 2598 2759; baseline -0 -14"><span class='ocrx_word' id='word_1_287' title='bbox 154 2702 373 2758; x_wconf 89' lang='lat' dir='ltr'>tingimus,</span> <span class='ocrx_word' id='word_1_288' title='bbox 403 2700 515 2743; x_wconf 89' lang='lat' dir='ltr'>hunc</span> <span class='ocrx_word' id='word_1_289' title='bbox 545 2700 659 2743; x_wconf 91' lang='lat' dir='ltr'>diem</span> <span class='ocrx_word' id='word_1_290' title='bbox 686 2714 773 2743; x_wconf 91' lang='lat' dir='ltr'>non</span> <span class='ocrx_word' id='word_1_291' title='bbox 800 2700 1045 2743; x_wconf 88' lang='lat' dir='ltr'>intestatum</span> <span class='ocrx_word' id='word_1_292' title='bbox 1081 2701 1427 2757; x_wconf 88' lang='lat' dir='ltr'>praetermittere.</span> <span class='ocrx_word' id='word_1_293' title='bbox 1483 2701 1638 2746; x_wconf 89' lang='lat' dir='ltr'>Nostro</span> <span class='ocrx_word' id='word_1_294' title='bbox 1667 2702 1758 2744; x_wconf 86' lang='lat' dir='ltr'>iure</span> <span class='ocrx_word' id='word_1_295' title='bbox 1794 2701 1874 2743; x_wconf 91' lang='lat' dir='ltr'>hoc</span> <span class='ocrx_word' id='word_1_296' title='bbox 1911 2700 2033 2744; x_wconf 89' lang='lat' dir='ltr'>nobis</span> <span class='ocrx_word' id='word_1_297' title='bbox 2070 2702 2285 2759; x_wconf 89' lang='lat' dir='ltr'>postulare</span> <span class='ocrx_word' id='word_1_298' title='bbox 2324 2706 2367 2745; x_wconf 89' lang='lat' dir='ltr'>et</span> <span class='ocrx_word' id='word_1_299' title='bbox 2400 2715 2526 2759; x_wconf 86' lang='lat' dir='ltr'>posse</span> <span class='ocrx_word' id='word_1_300' title='bbox 2555 2707 2598 2744; x_wconf 92' lang='lat' dir='ltr'>et</span> 
     </span>
     <span class='ocr_line' id='line_1_23' title="bbox 154 2769 2598 2829; baseline -0 -14"><span class='ocrx_word' id='word_1_301' title='bbox 154 2771 307 2815; x_wconf 87' lang='lat' dir='ltr'>debere</span> <span class='ocrx_word' id='word_1_302' title='bbox 335 2769 548 2823; x_wconf 84' lang='lat' dir='ltr'>videmur,</span> <span class='ocrx_word' id='word_1_303' title='bbox 588 2774 636 2812; x_wconf 87' lang='lat' dir='ltr'>ut</span> <span class='ocrx_word' id='word_1_304' title='bbox 664 2769 785 2812; x_wconf 88' lang='lat' dir='ltr'>nobis</span> <span class='ocrx_word' id='word_1_305' title='bbox 816 2783 982 2826; x_wconf 91' lang='lat' dir='ltr'>quoque</span> <span class='ocrx_word' id='word_1_306' title='bbox 1009 2770 1134 2813; x_wconf 89' lang='lat' dir='ltr'>liceat</span> <span class='ocrx_word' id='word_1_307' title='bbox 1161 2769 1241 2813; x_wconf 90' lang='lat' dir='ltr'>hoc</span> <span class='ocrx_word' id='word_1_308' title='bbox 1270 2769 1338 2813; x_wconf 91' lang='lat' dir='ltr'>die</span> <span class='ocrx_word' id='word_1_309' title='bbox 1365 2775 1409 2813; x_wconf 88' lang='lat' dir='ltr'>te</span> <span class='ocrx_word' id='word_1_310' title='bbox 1453 2771 1590 2826; x_wconf 87' lang='lat' dir='ltr'>adire,</span> <span class='ocrx_word' id='word_1_311' title='bbox 1620 2770 1697 2814; x_wconf 91' lang='lat' dir='ltr'>tibi</span> <span class='ocrx_word' id='word_1_312' title='bbox 1724 2769 1946 2827; x_wconf 85' lang='lat' dir='ltr'>gratulari,</span> <span class='ocrx_word' id='word_1_313' title='bbox 1976 2770 2053 2814; x_wconf 91' lang='lat' dir='ltr'>tibi</span> <span class='ocrx_word' id='word_1_314' title='bbox 2083 2772 2243 2829; x_wconf 85' lang='lat' dir='ltr'>optima</span> <span class='ocrx_word' id='word_1_315' title='bbox 2270 2776 2314 2815; x_wconf 92' lang='lat' dir='ltr'>et</span> <span class='ocrx_word' id='word_1_316' title='bbox 2341 2771 2598 2815; x_wconf 83' lang='lat' dir='ltr'>faustissima</span> 
     </span>
     <span class='ocr_line' id='line_1_24' title="bbox 154 2838 2596 2897; baseline -0 -15"><span class='ocrx_word' id='word_1_317' title='bbox 154 2852 344 2897; x_wconf 87' lang='lat' dir='ltr'>quaeque</span> <span class='ocrx_word' id='word_1_318' title='bbox 372 2838 546 2895; x_wconf 82' lang='lat' dir='ltr'>precari.</span> <span class='ocrx_word' id='word_1_319' title='bbox 608 2838 838 2881; x_wconf 87' lang='lat' dir='ltr'>Precamur</span> <span class='ocrx_word' id='word_1_320' title='bbox 866 2852 893 2881; x_wconf 88' lang='lat' dir='ltr'>a</span> <span class='ocrx_word' id='word_1_321' title='bbox 922 2838 1000 2882; x_wconf 91' lang='lat' dir='ltr'>deo</span> <span class='ocrx_word' id='word_1_322' title='bbox 1037 2838 1194 2896; x_wconf 89' lang='lat' dir='ltr'>optimo</span> <span class='ocrx_word' id='word_1_323' title='bbox 1223 2839 1429 2894; x_wconf 80' lang='lat' dir='ltr'>maximo,</span> <span class='ocrx_word' id='word_1_324' title='bbox 1468 2844 1514 2882; x_wconf 89' lang='lat' dir='ltr'>ut</span> <span class='ocrx_word' id='word_1_325' title='bbox 1543 2840 1655 2883; x_wconf 84' lang='lat' dir='ltr'>vitae</span> <span class='ocrx_word' id='word_1_326' title='bbox 1685 2844 1783 2882; x_wconf 90' lang='lat' dir='ltr'>tuae</span> <span class='ocrx_word' id='word_1_327' title='bbox 1813 2839 1998 2896; x_wconf 87' lang='lat' dir='ltr'>optimae</span> <span class='ocrx_word' id='word_1_328' title='bbox 2027 2843 2154 2897; x_wconf 89' lang='lat' dir='ltr'>atque</span> <span class='ocrx_word' id='word_1_329' title='bbox 2182 2840 2447 2884; x_wconf 84' lang='lat' dir='ltr'>felicissimae</span> <span class='ocrx_word' id='word_1_330' title='bbox 2476 2841 2596 2897; x_wconf 89' lang='lat' dir='ltr'>quasi</span> 
     </span>
     <span class='ocr_line' id='line_1_25' title="bbox 155 2906 2596 2965; baseline -0 -15"><span class='ocrx_word' id='word_1_331' title='bbox 155 2907 344 2950; x_wconf 87' lang='lat' dir='ltr'>cumulus</span> <span class='ocrx_word' id='word_1_332' title='bbox 373 2906 546 2949; x_wconf 87' lang='lat' dir='ltr'>accedat</span> <span class='ocrx_word' id='word_1_333' title='bbox 575 2909 767 2948; x_wconf 90' lang='lat' dir='ltr'>senectus</span> <span class='ocrx_word' id='word_1_334' title='bbox 795 2906 1054 2961; x_wconf 88' lang='lat' dir='ltr'>beatissima,</span> <span class='ocrx_word' id='word_1_335' title='bbox 1075 2911 1124 2948; x_wconf 86' lang='lat' dir='ltr'>ut</span> <span class='ocrx_word' id='word_1_336' title='bbox 1152 2907 1280 2949; x_wconf 83' lang='lat' dir='ltr'>etiam</span> <span class='ocrx_word' id='word_1_337' title='bbox 1307 2920 1385 2963; x_wconf 87' lang='lat' dir='ltr'>per</span> <span class='ocrx_word' id='word_1_338' title='bbox 1412 2909 1564 2951; x_wconf 82' lang='lat' dir='ltr'>multos</span> <span class='ocrx_word' id='word_1_339' title='bbox 1593 2921 1727 2951; x_wconf 88' lang='lat' dir='ltr'>annos</span> <span class='ocrx_word' id='word_1_340' title='bbox 1757 2908 1810 2963; x_wconf 90' lang='lat' dir='ltr'>(si</span> <span class='ocrx_word' id='word_1_341' title='bbox 1830 2908 1898 2949; x_wconf 92' lang='lat' dir='ltr'>dei</span> <span class='ocrx_word' id='word_1_342' title='bbox 1918 2909 2169 2950; x_wconf 86' lang='lat' dir='ltr'>concesserit</span> <span class='ocrx_word' id='word_1_343' title='bbox 2197 2908 2452 2965; x_wconf 82' lang='lat' dir='ltr'>benignitas)</span> <span class='ocrx_word' id='word_1_344' title='bbox 2480 2910 2596 2950; x_wconf 79' lang='lat' dir='ltr'>vivas</span> 
     </span>
     <span class='ocr_line' id='line_1_26' title="bbox 152 2973 2596 3032; baseline -0 -14"><span class='ocrx_word' id='word_1_345' title='bbox 152 2977 303 3019; x_wconf 88' lang='lat' dir='ltr'>beatus</span> <span class='ocrx_word' id='word_1_346' title='bbox 332 2977 459 3030; x_wconf 90' lang='lat' dir='ltr'>atque</span> <span class='ocrx_word' id='word_1_347' title='bbox 487 2974 747 3027; x_wconf 88' lang='lat' dir='ltr'>fortunatus,</span> <span class='ocrx_word' id='word_1_348' title='bbox 786 2979 834 3016; x_wconf 94' lang='lat' dir='ltr'>ut</span> <span class='ocrx_word' id='word_1_349' title='bbox 857 2974 934 3016; x_wconf 91' lang='lat' dir='ltr'>tibi</span> <span class='ocrx_word' id='word_1_350' title='bbox 962 2974 1082 3016; x_wconf 89' lang='lat' dir='ltr'>alteri</span> <span class='ocrx_word' id='word_1_351' title='bbox 1109 2973 1302 3029; x_wconf 83' lang='lat' dir='ltr'>Nestori,</span> <span class='ocrx_word' id='word_1_352' title='bbox 1351 2977 1424 3032; x_wconf 89' lang='lat' dir='ltr'>qui</span> <span class='ocrx_word' id='word_1_353' title='bbox 1452 2990 1548 3019; x_wconf 91' lang='lat' dir='ltr'>cum</span> <span class='ocrx_word' id='word_1_354' title='bbox 1575 2977 1725 3019; x_wconf 90' lang='lat' dir='ltr'>aetatis</span> <span class='ocrx_word' id='word_1_355' title='bbox 1753 2980 1852 3017; x_wconf 89' lang='lat' dir='ltr'>tuae</span> <span class='ocrx_word' id='word_1_356' title='bbox 1882 2977 2143 3031; x_wconf 82' lang='lat' dir='ltr'>experientia</span> <span class='ocrx_word' id='word_1_357' title='bbox 2180 2976 2412 3032; x_wconf 84' lang='lat' dir='ltr'>conjungas</span> <span class='ocrx_word' id='word_1_358' title='bbox 2441 2975 2596 3031; x_wconf 88' lang='lat' dir='ltr'>aliquid</span> 
     </span>
     <span class='ocr_line' id='line_1_27' title="bbox 154 3041 2595 3100; baseline -0.001 -14"><span class='ocrx_word' id='word_1_359' title='bbox 154 3043 329 3086; x_wconf 85' lang='lat' dir='ltr'>fervoris</span> <span class='ocrx_word' id='word_1_360' title='bbox 357 3043 564 3095; x_wconf 82' lang='lat' dir='ltr'>iuvenilis,</span> <span class='ocrx_word' id='word_1_361' title='bbox 579 3042 704 3084; x_wconf 91' lang='lat' dir='ltr'>liceat</span> <span class='ocrx_word' id='word_1_362' title='bbox 732 3043 876 3085; x_wconf 85' lang='lat' dir='ltr'>videre</span> <span class='ocrx_word' id='word_1_363' title='bbox 904 3041 1162 3099; x_wconf 86' lang='lat' dir='ltr'>aliquamdiu</span> <span class='ocrx_word' id='word_1_364' title='bbox 1189 3046 1357 3084; x_wconf 88' lang='lat' dir='ltr'>tuorum</span> <span class='ocrx_word' id='word_1_365' title='bbox 1383 3043 1626 3087; x_wconf 86' lang='lat' dir='ltr'>felicitatem</span> <span class='ocrx_word' id='word_1_366' title='bbox 1654 3048 1781 3099; x_wconf 87' lang='lat' dir='ltr'>atque</span> <span class='ocrx_word' id='word_1_367' title='bbox 1808 3043 2149 3086; x_wconf 88' lang='lat' dir='ltr'>incolumitatem.</span> <span class='ocrx_word' id='word_1_368' title='bbox 2189 3043 2391 3087; x_wconf 84' lang='lat' dir='ltr'>Nostram</span> <span class='ocrx_word' id='word_1_369' title='bbox 2419 3056 2595 3100; x_wconf 86' lang='lat' dir='ltr'>quoque,</span> 
     </span>
     <span class='ocr_line' id='line_1_28' title="bbox 155 3109 2597 3169; baseline -0.001 -14"><span class='ocrx_word' id='word_1_370' title='bbox 155 3113 227 3169; x_wconf 91' lang='lat' dir='ltr'>qui</span> <span class='ocrx_word' id='word_1_371' title='bbox 255 3125 307 3153; x_wconf 91' lang='lat' dir='ltr'>ea</span> <span class='ocrx_word' id='word_1_372' title='bbox 336 3124 420 3167; x_wconf 91' lang='lat' dir='ltr'>qua</span> <span class='ocrx_word' id='word_1_373' title='bbox 446 3124 527 3167; x_wconf 88' lang='lat' dir='ltr'>par</span> <span class='ocrx_word' id='word_1_374' title='bbox 546 3114 611 3153; x_wconf 86' lang='lat' dir='ltr'>est</span> <span class='ocrx_word' id='word_1_375' title='bbox 639 3115 682 3153; x_wconf 87' lang='lat' dir='ltr'>te</span> <span class='ocrx_word' id='word_1_376' title='bbox 714 3112 887 3154; x_wconf 88' lang='lat' dir='ltr'>colimus</span> <span class='ocrx_word' id='word_1_377' title='bbox 916 3115 1043 3167; x_wconf 89' lang='lat' dir='ltr'>atque</span> <span class='ocrx_word' id='word_1_378' title='bbox 1071 3109 1343 3153; x_wconf 84' lang='lat' dir='ltr'>observamus</span> <span class='ocrx_word' id='word_1_379' title='bbox 1371 3112 1644 3166; x_wconf 85' lang='lat' dir='ltr'>verecundia,</span> <span class='ocrx_word' id='word_1_380' title='bbox 1683 3111 1930 3155; x_wconf 81' lang='lat' dir='ltr'>memoriam</span> <span class='ocrx_word' id='word_1_381' title='bbox 1959 3111 2046 3154; x_wconf 91' lang='lat' dir='ltr'>noli</span> <span class='ocrx_word' id='word_1_382' title='bbox 2075 3112 2244 3155; x_wconf 90' lang='lat' dir='ltr'>omnino</span> <span class='ocrx_word' id='word_1_383' title='bbox 2274 3112 2494 3166; x_wconf 86' lang='lat' dir='ltr'>dimittere,</span> <span class='ocrx_word' id='word_1_384' title='bbox 2522 3123 2597 3153; x_wconf 89' lang='lat' dir='ltr'>no-</span> 
     </span>
     <span class='ocr_line' id='line_1_29' title="bbox 153 3179 1774 3236; baseline -0.001 -14"><span class='ocrx_word' id='word_1_385' title='bbox 153 3185 287 3223; x_wconf 79' lang='lat' dir='ltr'>strum</span> <span class='ocrx_word' id='word_1_386' title='bbox 316 3191 482 3236; x_wconf 88' lang='lat' dir='ltr'>quoque</span> <span class='ocrx_word' id='word_1_387' title='bbox 511 3183 558 3222; x_wconf 87' lang='lat' dir='ltr'>ut</span> <span class='ocrx_word' id='word_1_388' title='bbox 586 3179 798 3224; x_wconf 88' lang='lat' dir='ltr'>interdum</span> <span class='ocrx_word' id='word_1_389' title='bbox 827 3179 884 3222; x_wconf 90' lang='lat' dir='ltr'>sis</span> <span class='ocrx_word' id='word_1_390' title='bbox 912 3192 1094 3232; x_wconf 89' lang='lat' dir='ltr'>memor,</span> <span class='ocrx_word' id='word_1_391' title='bbox 1123 3191 1321 3235; x_wconf 87' lang='lat' dir='ltr'>rogamus</span> <span class='ocrx_word' id='word_1_392' title='bbox 1351 3183 1394 3223; x_wconf 89' lang='lat' dir='ltr'>te</span> <span class='ocrx_word' id='word_1_393' title='bbox 1423 3185 1465 3223; x_wconf 82' lang='lat' dir='ltr'>et</span> <span class='ocrx_word' id='word_1_394' title='bbox 1494 3179 1774 3224; x_wconf 84' lang='lat' dir='ltr'>obsecramus.</span> 
     </span>
    </p>

    <p class='ocr_par' dir='ltr' id='par_1_2' title="bbox 2071 3250 2123 3290">
     <span class='ocr_line' id='line_1_30' title="bbox 2071 3250 2123 3290; baseline 0 -20"><span class='ocrx_word' id='word_1_395' title='bbox 2071 3253 2081 3290; x_wconf 74' lang='grc'>1</span> <span class='ocrx_word' id='word_1_396' title='bbox 2102 3250 2123 3270; x_wconf 74' lang='grc'>*</span> 
     </span>
    </p>
   </div>
  </div>
 </body>
</html>
