2798 3744
1181 0 1617 244 ἕλω

185 285 426 332 referendi⁹
481 238 653 327 Etenim
681 282 725 326 in
754 280 891 326 Iliade
919 281 1174 340 paucissima
1201 265 1322 345 ᾆιιέ
1313 282 1391 343 ἕξοι
1418 282 1606 328 invenies
1635 275 1827 342 vestigia.
1886 283 2001 329 Nam
2028 282 2233 336 Thema„
2272 285 2479 341 m,
2529 287 2643 344 qu„
2772 236 2798 282 ἑ

184 354 346 401 confert
372 353 418 397 in
444 351 814 409 Agamemnonem
840 349 879 394 B
910 351 1011 406 232,
1036 355 1135 395 sunt
1142 329 1355 530 gn
1378 351 1433 407 Ἴ.

390 421 627 466 677-717.
687 418 846 463 Omnes
876 419 1087 464 dormiunt
1115 433 1141 480 e
1273 422 1318 465 ct
1344 419 1559 474 homines,
1607 433 1716 462 unus
1745 420 1978 463 Memmius
2010 420 2065 462 de
2087 419 2254 462 Priann
2288 423 2403 463 sorte
2434 420 2639 473 'timu

185 505 379 537 somnum
399 501 551 545 capere
570 501 656 530 non
674 490 836 544 potest,
867 484 1076 544 experge'⁴
1054 502 1135 531 ac
1234 488 1393 530 iamum
1421 492 1465 530 et
1494 488 1694 530 admonet
1722 489 1909 545 periculi
1939 488 2035 537 Quo
2064 489 2176 531 facto
2204 501 2283 530 rex
2311 489 2488 531 suscitat
2509 479 2646 546 praev*

184 571 354 612 cenem,
397 556 633 600 Mercurius
661 555 799 612 iungit
836 558 879 598 et
907 569 1037 612 equos
1067 560 1109 599 et
1136 555 1288 610 nimos
1303 559 1346 598 et
1375 555 1565 599 celeriter
1593 555 1708 598 nullo
1739 555 1946 598 sentiente
1982 569 2059 612 per
2092 559 2230 598 castra
2258 555 2437 598 vehitur
2496 554 2639 605 Quum

182 640 283 671 vero
313 626 370 668 ad
397 624 556 667 vadum
584 623 767 665 fluminis
796 623 1107 679 pervenissent,
1147 623 1379 677 Mercurius
1409 623 1518 664 redit
1546 623 1604 665 ad
1632 623 1875 678 Olympum.
1925 623 2043 665 Luce
2072 623 2225 665 deinde
2254 625 2346 665 orta
2374 624 2512 679 prima
2542 637 2640 666 eon-

181 695 305 753 spicit
334 693 723 751 appropinquantes
761 690 1002 731 Cassandra
1031 704 1203 745 remque
1234 691 1454 732 denuntiat
1484 690 1643 732 civibus
1656 722 1667 742 ,
1699 691 1771 745 qui
1800 690 1857 732 ad
1884 704 2016 732 unum
2045 704 2213 743 omnes,
2244 692 2287 733 et
2314 690 2393 733 viri
2421 694 2464 734 et
2493 691 2641 733 mulie-

180 776 264 817 res,
283 761 390 804 urbe
419 760 565 803 relicta
594 759 763 801 obviam
792 758 1086 813 egrediuntur,
1117 759 1175 799 ita
1206 763 1252 799 ut
1280 771 1410 813 aegre
1439 758 1635 800 Priamus
1665 758 1709 800 in
1739 756 1888 800 urbem
1917 756 2059 801 invehi
2085 756 2231 814 possit.

386 828 441 871 V.
473 829 553 869 677
585 832 627 868 et
656 830 880 881 sequentes
911 826 1143 867 maximam
1162 830 1328 881 partem
1357 825 1527 868 aliunde
1557 828 1654 867 sunt
1683 824 1907 881 depromti.
1939 824 2147 868 Homines
2166 825 2248 882 ipsi
2267 824 2382 882 apud
2401 824 2638 868 Homerum

180 913 267 943 non
296 900 500 940 vocantur
529 893 655 950 ἱεροί,
692 907 778 936 ιιοιι
807 893 907 935 dicit
936 893 1053 948 ἱερὸς-
1088 892 1328 950 Τηλέμαχος
1356 893 1424 935 vel
1453 892 1668 946 Ἀλκίνοοςς
1717 892 1794 936 sed
1823 892 1924 935 dicit
1953 892 2037 935 alio
2066 891 2212 936 addito
2240 892 2445 936 vocabulo
2475 893 2568 950 ἱερὴ
2597 891 2641 938 ’ἐς

189 966 441 1025 Τηλεμάχοιο
471 963 538 1005 vel
567 962 679 1018 ἱερὸν
705 960 838 1015 μένος
866 960 1099 1013 Ἀλκινόοιο,
1130 960 1356 1001 Ἀντινόοιο.
1394 960 1492 1002 Duo
1523 964 1620 1002 sunt
1648 959 1750 1013 loci,
1782 959 1857 1015 qui
1884 958 1968 1002 huo
1996 960 2138 1003 vocari
2172 963 2370 1020 possunt:
2408 959 2452 1003 K
2474 962 2529 1004 56
2560 974 2640 1017 φυ-

181 1035 318 1076 λάκων
349 1034 462 1089 ἱερὸν
494 1030 613 1075 τέλος
641 1033 682 1071 et
712 1045 747 1069 ω
779 1030 829 1070 81
863 1027 1054 1084 Ἀργείων
1085 1029 1202 1085 ἱερὸς
1240 1027 1443 1084 στρατός,
1483 1033 1526 1071 at
1554 1028 1614 1071 illi
1643 1032 1741 1070 sunt
1770 1027 1815 1070 in
1843 1026 2038 1071 Dolonea
2066 1030 2110 1071 et
2137 1028 2182 1071 in
2211 1027 2346 1072 altera
2371 1029 2546 1086 necyia,
2594 1033 2637 1071 et

183 1118 239 1146 ne
268 1103 313 1145 in
343 1102 536 1144 Dolonea
566 1097 736 1154 quidem
766 1097 1021 1140 adiectivum
1050 1097 1168 1153 ἱερός·
1197 1100 1260 1140 est
1289 1097 1557 1140 coniunctum
1587 1110 1681 1140 cum
1711 1095 1915 1139 vocabulo
1947 1095 2165 1153 φυλάκων,
2204 1095 2423 1140 intercedit
2453 1096 2582 1143 τέλος.

385 1167 486 1210 Jam
515 1165 714 1216 redeunt,
744 1164 849 1207 deus
879 1163 1111 1207 Mercurius
1142 1165 1232 1221 ipse
1262 1164 1398 1220 iungit
1428 1178 1557 1221 equos
1588 1168 1630 1206 et
1658 1164 1794 1206 mulos
1826 1164 1959 1218 (690),
1989 1165 2082 1220 ipse
2109 1178 2188 1221 per
2225 1169 2363 1207 castra
2400 1166 2516 1207 nullo
2545 1179 2639 1208 sen-

182 1237 313 1281 tiente
342 1234 477 1288 vehit3
527 1247 583 1276 an
613 1237 839 1289 utrumque
869 1231 1139 1275 vehiculum?
1187 1231 1247 1274 At
1275 1235 1503 1289 postquam
1532 1232 1637 1274 abiit
1665 1237 1794 1287 atque
1822 1231 2018 1272 Aurorae
2046 1232 2176 1273 radiis
2205 1236 2294 1273 tota
2323 1236 2435 1274 terra
2463 1236 2528 1275 est
2556 1233 2640 1275 col-

181 1305 380 1356 lustrata,
410 1303 494 1344 696
525 1302 562 1342 οἱ
593 1300 696 1346 ὃέἷς
725 1299 831 1340 ἄστυ
863 1298 968 1340 ἔλων
1000 1300 1161 1356 οἰμωγῇ
1195 1314 1237 1340 τε
1267 1302 1453 1357 στοναχῇ
1485 1315 1528 1340 τε
1558 1303 1568 1325 ῑ’
1598 1300 1760 1353 ἵππους,
1792 1298 1953 1355 ἡμίονοι
1974 1298 2023 1339 δὲ
2055 1298 2176 1340 νέκυν
2207 1299 2356 1355 φέρον.
2385 1300 2446 1343 At
2466 1301 2639 1357 quinam

180 1375 278 1414 sunt
304 1370 375 1413 isti
404 1369 472 1411 ⁰2⁹
533 1366 634 1410 Sine
679 1367 807 1409 dubio
845 1367 1042 1408 Priamus
1080 1372 1209 1423 atque
1248 1381 1415 1423 praeco.
1474 1368 1534 1408 At
1570 1381 1671 1409 num
1701 1366 1826 1408 ambo
1857 1370 2011 1422 regunt
2041 1366 2203 1422 equos?
2231 1380 2336 1409 num
2363 1368 2467 1410 muli
2496 1374 2639 1412 carent

178 1439 370 1483 rectore?
413 1450 554 1480 nonne
583 1435 762 1478 verbum
792 1434 943 1480 ἵππους
981 1435 1153 1477 οιιιιιίιιο
1183 1434 1424 1477 redundat?
1453 1435 1538 1478 imo
1567 1449 1666 1477 vero
1696 1434 1900 1490 explicari
1928 1447 2014 1477 non
2042 1437 2195 1490 potest,
2232 1447 2364 1524 quum
2391 1434 2637 1490 Mercurius,

182 1507 257 1564 qui
284 1520 370 1548 una
400 1518 496 1547 cum
523 1505 696 1546 Priamo
727 1517 896 1545 cursum
925 1502 1249 1553 conscenderat,
1280 1501 1471 1544 sublimis
1501 1501 1705 1545 abiisset?

385 1572 628 1615 Cassandra
675 1584 776 1614 vero
825 1570 878 1612 de
920 1569 1123 1646 Pergami
1168 1583 1286 1623 arce,
1326 1582 1412 1626 quo
1456 1569 1594 1625 prima
1637 1570 1730 1612 luce
1783 1570 1874 1612 sola
1918 1569 2011 1611 sine
2053 1569 2208 1612 usitato
2265 1570 2336 1612 illo
2386 1571 2636 1613 ancillarum
2698 1573 2701 1576 ’

183 1642 384 1687 comitatu
413 1654 507 1684 sese
537 1639 706 1683 videtur
734 1637 978 1691 contulisse,
1018 1637 1156 1694 prima
1185 1636 1404 1679 Priamum
1433 1637 1635 1694 conspicit
1662 1641 1789 1694 atque
1826 1650 2100 1693 praeconem,
2132 1637 2202 1677 τὸν
2233 1636 2343 1693 δ’ἅρ’
2376 1636 2633 1695 ἐφ’ἡμιόνων

184 1708 250 1753 ἴδε
278 1708 464 1764 κείμενον
496 1706 540 1748 ἐν
570 1698 795 1765 λεχέεσσιν.
827 1705 922 1755 Quo
952 1705 997 1745 in
1025 1718 1164 1761 versu
1181 1705 1283 1745 illud
1312 1705 1415 1745 satis
1446 1706 1549 1745 scite
1579 1709 1642 1745 est
1669 1706 1927 1756 institutum,
1958 1705 2072 1759 quod
2101 1709 2149 1745 ut
2177 1705 2306 1759 vulgo
2335 1706 2450 1760 apud
2478 1705 2638 1749 Home-

180 1792 278 1821 rum
306 1776 418 1819 ἵπποι
448 1778 663 1833 ponuntur
689 1787 767 1831 pro
799 1786 946 1825 curru,
996 1773 1058 1814 sie
1102 1773 1143 1814 h.
1174 1773 1200 1814 l.
1231 1786 1308 1829 pro
1337 1774 1527 1829 plaustro
1569 1775 1782 1829 ponuntur
1822 1772 1982 1829 ἡμίονοι
2001 1803 2013 1825 ,
2045 1775 2089 1813 at
2119 1770 2190 1812 τόν
2228 1771 2270 1813 1ι.
2302 1772 2328 1814 l.
2358 1787 2452 1815 esse
2479 1771 2637 1816 Hecto-

179 1860 294 1902 rem,
345 1857 604 1902 quamquam
647 1856 703 1886 ex
756 1840 960 1885 versibus·
997 1840 1271 1897 sequentibus
1320 1845 1522 1898 apparet,
1571 1845 1713 1884 tamen
1754 1854 1808 1883 ex
1858 1854 1954 1883 mea
2002 1840 2174 1897 quidem
2227 1841 2437 1884 sententia
2485 1842 2637 1884 clarius

180 1914 410 1971 significari
437 1915 618 1970 poterat.
679 1910 922 1952 Cassandra
960 1924 1062 1951 vero
1100 1912 1298 1951 narratur
1334 1909 1594 1964 ingemuisse
1642 1913 1770 1965 atque
1807 1909 1860 1952 de
1904 1922 2002 1952 arce
2040 1909 2211 1965 opinor,
2261 1911 2379 1966 (nam
2421 1923 2518 1954 eam
2565 1912 2637 1954 de-

178 1995 372 2038 gressam
415 1994 510 2022 esse
550 1993 762 2035 nusquam
800 1982 865 2020 est
905 1978 1082 2030 dictmn)
1122 1990 1226 2019 voce
1254 1976 1443 2019 maxima
1472 1981 1599 2033 atque
1629 1977 1862 2020 clarissima
1890 1991 1981 2020 rem
2011 1990 2108 2019 cum
2135 1980 2225 2020 tota
2254 1977 2422 2022 civitate
2451 1992 2636 2022 commu-

178 2049 343 2091 nicasse
383 2049 483 2103 (703
516 2045 679 2099 γέγωνε
710 2045 760 2085 δὲ
792 2048 872 2086 πᾶν
903 2045 1009 2085 κατὰ
1040 2044 1177 2098 ἄστυ).
1237 2044 1439 2088 Jnvenies
1483 2045 1599 2100 apud
1644 2044 1883 2087 Homerum
1912 2044 2196 2087 Cassandram
2232 2045 2273 2087 N
2305 2047 2390 2089 365
2429 2045 2637 2104 Πριοιζαοεο

179 2115 407 2171 θυγατρῶν
438 2113 555 2159 εἶδος
584 2112 780 2168 ἀρίστην,
831 2126 959 2168 quam
988 2112 1033 2155 in
1072 2112 1386 2156 matrimonium
1415 2112 1568 2155 ducere
1598 2112 1768 2156 volebat
1808 2110 2015 2153 ἀνάεδνον
2045 2112 2315 2170 Othryoneus
2351 2117 2394 2156 et
2429 2115 2636 2172 pollicitus

178 2187 243 2226 est
271 2196 365 2225 sese
395 2180 449 2223 ab
481 2180 612 2223 Troia
641 2179 911 2235 repulsurum
940 2178 1150 2232 Achivos,
1190 2184 1235 2221 at
1263 2182 1494 2236 antequam
1524 2179 1635 2235 quod
1663 2180 1915 2235 promiserat
1942 2180 2144 2235 perficere
2171 2185 2334 2236 posset,
2384 2182 2439 2223 ab
2468 2183 2637 2225 Idome-

177 2264 258 2294 neo
288 2253 353 2293 est
382 2248 649 2302 interfectus,
678 2249 899 2304 praeterea
929 2246 1019 2289 eius
1047 2246 1095 2289 fit
1123 2247 1280 2289 mentio
1308 2247 1354 2289 in
1382 2246 1532 2303 necyia
1561 2246 1583 2286 λ
1613 2248 1692 2288 421
1727 2260 1805 2303 sqq
1821 2278 1833 2300 ,
1864 2247 1938 2288 ubi
1967 2260 2063 2289 eam
2092 2247 2147 2288 ab
2178 2247 2515 2304 Clytaemnestra
2541 2265 2637 2292 esse

178 2319 372 2361 necatam
400 2315 672 2373 Agamemno
701 2314 889 2356 narravit
918 2314 1048 2356 Ulixi.
1113 2315 1266 2356 Nonne
1294 2328 1351 2356 ex
1379 2316 1461 2356 hoc
1490 2314 1615 2354 huius
1644 2314 1752 2370 rhap
1760 2315 1903 2356 sodiae
1932 2315 2023 2356 loco
2052 2315 2139 2356 iam
2167 2315 2394 2370 vestigium
2422 2317 2636 2371 quoddam

180 2387 358 2442 apparet
387 2385 489 2425 artis
519 2383 632 2424 illius
662 2383 961 2438 praesagiendi
991 2387 1034 2423 et
1064 2383 1343 2434 vaticinandi,
1383 2384 1437 2423 de
1467 2396 1551 2437 qua
1593 2382 1714 2422 multi
1753 2386 1899 2435 postea
1936 2382 2106 2424 fuerunt
2142 2383 2316 2437 cyclici?
2360 2397 2447 2427 non
2481 2385 2635 2429 mirum

176 2454 290 2509 regis
325 2452 456 2493 filiam
497 2451 606 2492 bene
644 2463 771 2491 mane
807 2450 955 2490 turrim
1004 2450 1153 2505 opinor
1192 2449 1508 2502 conscendisse,
1556 2453 1808 2505 patremque
1844 2448 2026 2505 primam
2068 2450 2340 2506 conspexisse
2375 2454 2417 2495 et
2453 2465 2545 2496 rem
2581 2453 2635 2498 de

174 2520 349 2577 specula
379 2518 537 2562 scilicet
566 2517 755 2560 maxima
783 2531 887 2560 voce
917 2516 1079 2561 civibus
1109 2516 1412 2562 denuntiasse?
1469 2516 1566 2573 Ego
1577 2538 1599 2571 ,-
1621 2529 1751 2573 quum
1791 2529 1958 2560 mecum
1985 2521 2135 2574 reputo
2172 2518 2308 2561 multa
2345 2519 2431 2563 alia
2469 2533 2635 2578 quoque

171 2588 216 2631 in
244 2587 327 2631 hac
364 2585 595 2643 rhapsodia
625 2585 806 2641 cyclicae
836 2585 1056 2628 cuiusdam
1085 2585 1285 2629 scientiae
1321 2585 1584 2642 deprehendi
1612 2584 1816 2641 vestigia,
1868 2585 2149 2643 colligendum
2176 2599 2270 2630 esse
2298 2591 2402 2645 puto
2429 2592 2633 2646 nostrum,

171 2656 329 2712 quippe
359 2655 432 2711 qui
462 2668 514 2697 ea
544 2657 657 2696 esset
686 2657 839 2706 aetate,
870 2667 954 2709 qua
981 2653 1154 2696 fabulae
1182 2653 1280 2697 illae
1308 2654 1416 2711 cycli
1444 2654 1555 2711 epici
1582 2654 1670 2696 iam
1700 2657 1843 2696 essent
1872 2655 2162 2712 pervulgatae,
2181 2655 2289 2699 haec
2317 2656 2372 2700 de
2394 2656 2634 2730 Cassandra

172 2736 339 2780 quoque
370 2721 471 2765 inde
501 2720 743 2777 sumpsisse.
800 2721 944 2764 Simile
974 2721 1176 2777 quiddam
1206 2722 1290 2763 iam
1318 2721 1570 2764 Eustathius
1601 2722 1654 2764 de
1686 2722 1768 2764 hoc
1796 2722 1887 2764 loco
1915 2722 2115 2765 iudicavit
2141 2723 2218 2778 *’).
2242 2782 2272 2816 P

2273 2792 2366 2817 auca
2389 2786 2539 2818 restant.

194 2871 249 2912 **)
297 2870 417 2904 Aliter
440 2869 485 2902 de
510 2869 578 2902 hoc
600 2869 678 2902 loco
704 2868 878 2901 iudicavit
902 2869 1107 2902 Danum-us
1133 2869 1169 2900 in
1194 2869 1404 2903 Aristarcho
1430 2880 1463 2912 p.
1492 2870 1579 2908 175:¹
1603 2868 1643 2905 „1
1667 2870 1734 2902 663
1760 2869 1808 2903 ist
1831 2880 1897 2903 aus
1925 2870 1956 2904 Ω
1978 2872 2062 2912 675,
2087 2871 2209 2907 woher
2232 2873 2327 2908 auch
2350 2885 2460 2911 unser
2481 2874 2633 2910 Dichter
2685 2898 2690 2902 -

308 2925 376 2960 auf
395 2926 466 2960 den
490 2924 690 2959 Gedanken
714 2924 817 2967 kam,
841 2924 921 2958 hier
943 2924 1019 2958 ihm
1040 2923 1114 2958 und
1139 2923 1233 2958 auch
1255 2924 1337 2960 dem
1361 2923 1555 2959 Patroklou
1579 2924 1660 2958 eine
1684 2923 1946 2961 Beischlsrorin
1970 2937 2014 2961 zu
2037 2927 2174 2973 geben,
2206 2929 2379 2965 wahmnd
2401 2930 2481 2966 usin
2503 2930 2632 2967 Achil·

308 2983 388 3017 leus
413 2982 506 3016 eben
530 2992 571 3016 so
594 2980 833 3026 sehnsfichtig
856 2980 921 3015 der
943 2980 1079 3016 Briseis
1103 2980 1477 3016 nachzusclnnachten
1501 2979 1640 3016 schien.
1690 2978 1721 3014 Ω
1745 2982 1811 3016 675
1847 2982 1936 3017 wird
1968 2983 2034 3019 der
2064 2984 2144 3020 dem
2175 2986 2298 3021 Achill
2328 2987 2633 3023 muokurstntoe-

306 3042 368 3073 ten
392 3038 529 3073 Briseis
552 3038 620 3072 mit
641 3037 862 3072 besonderer
883 3037 1100 3081 Bedeutung
1123 3037 1310 3082 gedaoht.“

191 3095 247 3138 να)
294 3094 377 3129 Soh.
405 3094 436 3127 B
460 3094 508 3127 ad
532 3095 616 3127 899:
671 3094 733 3128 οὐκ
764 3092 858 3127 οῒδεν
904 3094 1011 3140 αὐτὴν
1039 3094 1160 3136 μάντιν
1184 3094 1204 3127 ὁ
1237 3094 1391 3140 ποιητής.
1441 3092 1574 3126 Contra
1608 3093 1841 3130 Eustathiuu:
1876 3097 1928 3132 ὅτι
1950 3099 2014 3144 τὴν
2039 3097 2268 3147 Ιιασάνδραν,
2303 3101 2345 3147 ἣν
2374 3101 2488 3149 ἰκέλην
2511 3105 2630 3152 χρυσῇ

302 3149 493 3199 Ἀφροδίτῃ
517 3150 614 3196 λέγει
637 3150 695 3185 διὰ
718 3150 759 3185 τὸ
781 3149 920 3190 κάλλος,
944 3149 1160 3195 φιλάδελφον
1184 3150 1274 3185 πάνυ
1298 3151 1449 3196 παριστᾷ
1474 3149 1537 3183 καί
1555 3160 1621 3184 που
1646 3148 1740 3191 ἴσως
1759 3152 1817 3186 καὶ
1836 3155 2020 3201 μαντικὴν,
2044 3155 2081 3190 ἐν
2105 3154 2161 3197 οἷς
2180 3156 2278 3204 λέγει
2305 3157 2501 3203 προμαθεῖν
2523 3159 2631 3206 αὐτὴν

303 3208 591 3250 ἀνακομιζόμενον
616 3209 673 3242 τὸν
656 3206 865 3252 νάδελφόν.

1098 3278 1707 3306 -—--000--———-
