2798 3744
1229 146 1278 152 -
1410 119 1439 167 8
1573 145 1621 151 -

195 250 321 294 finxit
347 262 423 291 suo
450 246 602 291 Iar-te.
662 244 866 292 Omnibus
894 245 1023 303 igitur
1046 243 1140 293 istis
1168 244 1457 289 audacissimis
1485 242 1744 289 atheteeibue
1773 246 1816 286 et
1853 240 2135 287 subtilissimis
2163 242 2513 301 explicationibus
2542 256 2640 286 con-

197 318 338 361 temtis
368 320 411 359 et
438 315 643 371 neglectis
673 314 954 359 confitendum
977 314 1121 370 >potius
1149 317 1214 355 est
1231 314 1273 356 h.
1291 313 1334 355 h.
1354 325 1552 369 perverse
1580 311 1802 369 aliquoties
1831 311 2000 353 dualem
2028 323 2122 353 esse
2149 314 2399 367 usurpatum
2424 312 2483 363 de
2507 311 2641 356 tribus

198 386 269 428 vel
302 385 340 427 si
379 384 485 426 duos
524 383 818 426 caduceatores
866 381 1208 425 adnumeraveris
1251 381 1305 425 de
1346 381 1534 438 quinque
1573 379 1826 422 hominibus.
1885 378 2042 420 Contra
2070 382 2184 420 recte
2211 391 2279 419 res
2318 391 2411 419 sese
2440 377 2571 421 habet
2596 379 2642 420 in

198 457 391 495 extrema
409 450 663 506 rhapsodiae
682 454 820 505 parte3
842 462 1099 505 quamquam
1119 449 1232 490 enim
1245 449 1439 491 Phoenix
1458 447 1574 504 apud
1591 447 1803 489 Achillem
1819 451 2091 500 remanserat,
2112 447 2194 488 duo
2213 446 2342 502 igitur
2360 449 2480 488 erant
2497 446 2640 503 legati,

198 526 342 563 tamen
369 519 527 570 habes,
557 518 657 573 quia
685 517 768 558 duo
796 517 974 560 aderant
1001 529 1252 571 praecones,
1282 530 1449 571 semper
1476 515 1694 571 pluralem.
1743 513 1807 557 Of.
1835 529 1876 556 v.
1907 515 2003 557 656.
2033 513 2126 556 ἴσαν
2158 514 2294 566 πάλιν,
2323 513 2432 571 ἦρχε
2461 513 2640 556 δ’θδυσ-

197 586 319 640 σεύς,
350 587 434 630 669
466 584 651 639 γένοντο,
680 585 763 627 670
795 582 903 637 τοὺς,
934 584 1018 627 688
1047 582 1126 625 εἶσὶ
1154 585 1221 625 καὶ
1241 581 1329 625 οἵδε
1350 581 1442 625 τάδ’
1461 580 1642 637 εἶπέμεν,
1673 581 1717 624 οἵ
1734 597 1806 636 μοι
1827 580 1976 624 ἕποντο
2000 580 2104 628 Αἴας
2120 582 2187 624 καὶ
2205 581 2360 639 κη’ρυκε
2379 579 2470 623 δύω
2491 596 2640 624 πεπνυ-

192 655 315 712 μένω
345 652 491 711 ἄμφω.
528 653 627 698 Jam
655 652 691 696 si
719 652 958 709 quaerimus
987 651 1060 708 qui
1086 651 1245 695 factum
1273 651 1345 705 sit,
1374 654 1422 694 ut
1449 654 1538 695 tam
1565 663 1762 708 perverse
1790 649 1859 694 hic
1885 654 2013 707 poeta
2040 649 2166 695 modo
2195 650 2310 694 duali
2337 649 2462 694 modo
2489 649 2642 707 plurali

202 728 417 778 uteretur,
445 723 560 767 idem
587 722 759 767 forsitan
788 719 1057 764 statuendum
1083 720 1160 775 sit,
1192 719 1303 797 quod
1332 732 1462 778 supra
1482 718 1782 764 contendimus.
1811 718 1926 762 Nam
1950 718 1995 763 id
2011 718 2182 776 quidem
2205 719 2308 763 mihi
2336 722 2457 763 extra
2475 732 2642 764 omnem

201 793 508 836 dubitationem
538 791 720 847 positum
748 803 840 830 esse
868 789 1061 841 videtur,
1099 789 1201 844 quin
1231 789 1266 829 si
1296 789 1389 843 quis
1417 791 1543 844 poeta
1571 788 1663 843 ipse
1692 787 1856 842 poetico
1886 787 2032 827 afflatu
2060 787 2279 829 instinctus
2307 801 2452 830 versus
2479 788 2640 842 fundat,

200 862 303 904 talia
343 860 531 917 proferre
568 872 651 901 non
689 857 833 914 possit.
892 857 952 898 At
981 857 1016 898 si
1049 857 1115 899 cui
1145 856 1315 912 quidam
1343 870 1489 898 versus
1528 854 1672 897 similis
1716 854 1934 897 cuiusdam
1976 854 2037 897 rei
2074 855 2357 899 narrationem
2386 857 2642 900 continentes

205 934 306 972 ante
336 928 479 971 oculos
509 932 635 982 atque
665 926 770 968 adeo
800 930 897 967 ante
927 939 1051 966 aures
1082 924 1437 976 observabantur,
1467 937 1572 979 quos
1601 922 1667 965 vel
1695 922 1849 964 imitari
1880 922 1944 965 vel
1971 922 2156 978 recipere
2184 928 2339 979 posset,
2368 925 2490 968 facile
2510 926 2644 982 potuit

201 996 412 1048 accidere,
459 1000 504 1037 ut
534 994 702 1049 gravius
732 997 889 1034 erraret
961 992 1095 1047 Atqui
1124 1006 1269 1048 omnes
1298 991 1387 1033 fere
1425 991 1485 1033 illi
1526 1004 1692 1043 versus,
1722 990 1874 1045 quibus
1903 989 2175 1043 offendimur,
2205 1004 2262 1033 ex
2290 992 2381 1034 aliis
2410 992 2643 1049 rhapsodiis

202 1069 302 1105 stmt
330 1062 550 1118 depromti.
582 1060 644 1102 Of.
657 1060 713 1102 ad
744 1061 822 1101 182
854 1059 886 1099 Α
916 1060 998 1101 327
1032 1059 1089 1099 τὼ
1121 1056 1158 1098 δ’
1160 1058 1330 1099 ἀέκοντε
1356 1057 1494 1115 βάτην
1526 1057 1641 1113 παρὰ
1661 1056 1843 1102 θῖν’ἱιλὸς
1861 1055 2133 1112 ἀτρυγέτοιο,
2159 1062 2202 1100 et
2230 1058 2263 1099 A
2292 1060 2349 1100 34
2373 1059 2436 1117 βῆ
2465 1059 2643 1102 δ’ἀκέων

205 1131 322 1187 παρὰ
353 1129 448 1172 θῖνα
480 1126 796 1184 πολυφλοίσβοιο
825 1126 1064 1185 θαλάσσης,
1096 1128 1168 1184 qui
1197 1142 1341 1170 versus
1371 1131 1436 1170 est
1465 1127 1517 1170 de
1547 1126 1710 1170 duobus
1738 1125 2036 1182 praeconibus,
2067 1126 2139 1183 qui
2166 1125 2499 1183 Agamemnonis
2527 1130 2644 1174 iussu

205 1199 441 1241 Briseidem
470 1197 525 1239 ab
540 1196 705 1239 Achille
735 1195 970 1248 abducunt,
999 1195 1251 1237 vocabulum
1280 1193 1452 1236 ἀέκοντε
1481 1196 1595 1252 quod
1622 1195 1667 1237 in
1695 1194 1807 1237 hunc
1834 1194 1972 1236 locum
2000 1207 2086 1236 non
2110 1194 2301 1250 quadrat,
2321 1196 2550 1252 prudenter
2577 1197 2645 1240 hic

207 1265 368 1318 omisit,
406 1264 574 1307 dualem
620 1263 791 1305 retinuit
825 1262 1133 1320 imprudentem
1182 1263 1366 1305 indidem
1397 1267 1462 1305 est
1490 1263 1706 1305 desumtus
1737 1276 1775 1305 v.
1809 1263 1887 1304 185
1918 1279 1973 1298 =
2003 1261 2036 1302 A
2066 1263 2170 1316 328,
2213 1276 2253 1304 v.
2287 1264 2366 1306 186
2395 1263 2560 1308 initium
2590 1283 2644 1302 =

204 1336 235 1375 A
266 1335 373 1387 319,
402 1348 441 1375 v.
477 1333 555 1374 192
586 1331 701 1388 prius
732 1331 1042 1374 hemistichium
1070 1332 1255 1373 invenies
1285 1330 1325 1370 K
1349 1333 1447 1385 469,
1477 1331 1550 1373 ubi
1580 1331 1633 1373 de
1662 1330 1787 1373 Ulixe
1817 1333 1859 1372 et
1885 1330 2093 1373 Diomede
2122 1330 2281 1386 agitur3
2312 1331 2368 1374 ad
2395 1345 2435 1374 v.
2466 1333 2521 1376 96
2552 1333 2602 1376 cf.
2620 1332 2648 1372 δ

205 1403 259 1444 59
294 1401 351 1441 τὼ
371 1401 437 1441 καὶ
468 1398 733 1454 δεικνύμενος
762 1398 960 1456 προσέφη
981 1397 1141 1446 ξανθὸς
1156 1398 1390 1451 Μενέλαος,
1410 1400 1635 1455 alloquitur
1663 1403 1805 1441 autem
1834 1398 1892 1440 ibi
1914 1397 2132 1440 Menelaus
2151 1397 2450 1442 Telemachum
2479 1405 2521 1443 et
2538 1400 2645 1442 Pisi-

204 1474 393 1524 stratum.
452 1468 552 1510 Jam
582 1468 683 1509 satis
712 1468 874 1523 liquere
902 1471 1028 1524 puto,
1059 1481 1142 1523 quo
1173 1468 1349 1523 quisque
1379 1482 1523 1509 versus
1554 1468 1644 1509 loco
1674 1467 1812 1523 aptius
1841 1467 1895 1508 sit
1922 1467 2094 1522 positus.

408 1537 551 1592 Atque
580 1536 661 1578 hoc
689 1535 860 1591 quidem
889 1536 991 1577 satis
1022 1540 1185 1577 constat
1213 1536 1256 1577 in
1285 1536 1422 1591 prima
1443 1536 1660 1592 Odysseae
1689 1535 1915 1591 rhapsodia
1943 1534 2057 1576 haud
2085 1549 2244 1590 paucos
2273 1549 2365 1577 esse
2394 1536 2520 1590 locos,
2535 1536 2647 1579 unde

203 1608 408 1661 appareat
437 1605 524 1646 eius
555 1607 768 1646 auctorem
796 1603 892 1658 plus
930 1604 1061 1645 semel
1098 1617 1249 1659 parum
1277 1617 1478 1659 prospere
1517 1604 1621 1645 alios
1653 1617 1796 1645 versus
1827 1602 2058 1645 homericos
2087 1603 2345 1658 repetivisse.
2402 1603 2516 1645 Nam
2545 1604 2647 1660 quin

203 1674 250 1716 in
279 1685 402 1715 versu
430 1671 501 1714 illo
530 1686 557 1711 α
588 1672 641 1713 29
671 1669 886 1727 epitheton
915 1669 1093 1725 ἀμύμων
1122 1672 1166 1713 in
1194 1670 1450 1726 Aegisthum
1480 1671 1618 1713 minus
1648 1670 1850 1727 quadret,
1890 1670 2067 1726 quadret
2096 1670 2253 1726 optime
2290 1670 2334 1713 in
2361 1671 2645 1726 Antilochum,

204 1740 396 1782 Nestoris
426 1739 581 1789 filium,
612 1738 921 1780 adolescentem
950 1738 1176 1780 amabilem
1206 1743 1249 1781 et
1276 1738 1504 1781 iucundum
1535 1738 1563 1779 δ
1594 1740 1671 1781 187
1689 1770 1700 1791 ,
1730 1739 1824 1795 quis
1854 1737 2015 1779 dubitet
2030 1738 2050 1779 ?
2097 1737 2231 1780 Recte
2261 1738 2313 1781 de
2343 1752 2393 1782 eo
2422 1740 2512 1782 loco
2541 1740 2647 1783 iudi·

208 1808 317 1849 cavit
345 1806 570 1860 Hennings
599 1806 652 1858 *),
684 1806 736 1846 de
765 1805 857 1846 aliis
887 1806 960 1861 qui
988 1811 1086 1847 sunt
1113 1807 1235 1848 multi
1263 1820 1317 1847 ex
1345 1807 1491 1862 primis
1522 1811 1700 1863 quatuor
1730 1806 1946 1862 Odysseae
1975 1805 2090 1846 libris
2120 1806 2207 1861 egit
2234 1806 2289 1847 H.
2319 1806 2557 1849 Diintzerus
2586 1808 2648 1862 ff)

207 1875 378 1917 Addam
408 1889 562 1926 unum,
607 1888 690 1928 quo
721 1873 923 1915 offendor.
981 1873 1146 1915 Mentes
1159 1906 1169 1925 ,
1201 1874 1289 1915 dux
1314 1875 1385 1916 ille
1415 1875 1694 1930 Taphiorum,
1726 1875 1842 1916 cuius
1870 1889 2094 1929 personam
2123 1874 2316 1915 induerat
2342 1874 2555 1928 Minerva,
2602 1881 2650 1917 ut

206 1942 502 1986 Telemachum
532 1941 669 1984 'Ulixis
698 1941 830 1983 filium
859 1946 902 1984 et
931 1941 1219 1985 cohortaretur
1247 1947 1288 1985 et
1316 1941 1601 1995 confirmaret,
1631 1946 1907 1998 posteaquam
1928 1940 2205 1984 Telemachus
2233 1942 2429 1998 exposuit
2457 1957 2484 1986 a
2511 1944 2649 2000 procis

205 2011 350 2053 matris
378 2010 608 2052 miserrime
638 2013 681 2051 et
709 2010 951 2066 turpissime
979 2024 1071 2053 rem
1098 2009 1346 2052 familiarem
1375 2011 1499 2053 atteri
1537 2024 1674 2066 neque
1703 2010 1832 2052 ullam
1861 2023 2067 2065 apparere
2096 2023 2216 2065 spem
2245 2010 2407 2062 salutis,
2449 2024 2652 2067 magnum

206 2079 390 2136 profecto
419 2091 512 2121 esse
541 2076 725 2120 affirmat
754 2077 1008 2121 desiderium
1041 2078 1155 2121 Ulixi
1184 2078 1392 2132 absentis,
1423 2079 1496 2135 qui
1524 2092 1696 2122 manum
1725 2077 1926 2121 allaturus
1956 2081 2065 2121 esset
2092 2078 2243 2134 procis.
2301 2078 2330 2122 J
2332 2092 2401 2121 am
2429 2092 2530 2123 vero
2558 2092 2652 2137 per-

204 2147 292 2204 git:
322 2148 404 2189 255
435 2146 471 2188 εἷ
500 2146 582 2202 γὰρ
614 2147 685 2187 νῦν
718 2144 854 2187 ἐλθὼν
887 2144 1019 2201 δόμου
1042 2145 1086 2187 ἐν
1109 2147 1295 2203 πρώτῃσι
1325 2145 1502 2204 θύρῃσιν
1532 2148 1543 2202 ῃ
1570 2146 1690 2204 σταίη
1710 2144 1822 2204 ἔχων
1843 2145 2003 2203 πήληκα
2029 2146 2096 2187 καὶ
2116 2144 2272 2188 ἀσπίδα
2302 2147 2369 2188 καὶ
2390 2145 2467 2189 δύο
2487 2145 2617 2204 δοῦρε
2642 2150 2653 2204 Η

207 2217 317 2259 τοῖος
347 2214 453 2267 ἐὼν,
485 2214 573 2253 οἶόν
599 2227 670 2268 μιν
702 2213 787 2266 ἐγὼ
820 2213 869 2253 τὰ
901 2213 1043 2269 πρῶτ’
1074 2213 1242 2271 ἐνόησα.
1302 2215 1552 2271 Quicunque
1595 2214 1700 2256 haec
1739 2213 1869 2256 verba
1899 2214 2074 2269 legerit,
2111 2213 2277 2270 putabit
2316 2214 2403 2256 iam
2431 2215 2651 2272 sequide-

208 2283 476 2339 scriptionem
514 2283 659 2338 magni
705 2283 881 2324 alicuius
910 2283 1107 2324 facinoris
1123 2314 1134 2334 ,
1185 2296 1268 2338 quo
1311 2283 1569 2338 singularem
1613 2282 1867 2338 praestiterit
1910 2282 2107 2323 virtutem
2144 2281 2407 2338 gloriamque
2445 2282 2654 2339 insignem

208 2351 419 2406 paraverit
448 2351 608 2392 Ulixes.
666 2350 727 2392 At
756 2355 1019 2406 quantopere
1048 2350 1116 2391 hic
1145 2364 1264 2406 spem
1292 2355 1481 2393 nostram
1508 2350 1676 2392 fefellit!
1716 2350 1957 2405 Sequuntur
1985 2348 2115 2391 verba
2145 2351 2229 2392 258
2259 2348 2359 2406 οἴκῳ
2390 2349 2435 2391 ἐν
2457 2351 2653 2408 ἡμετέρῳ

210 2417 379 2458 πίνοντά
407 2433 451 2458 τε
480 2417 736 2473 τερπόμενόν
762 2432 819 2471 τε,
840 2420 852 2473 ῃ
872 2417 923 2465 ἐξ
948 2417 1139 2476 Ἐφύρης
1167 2418 1334 2459 ἀνιόντα
1367 2418 1453 2474 παῤ
1472 2415 1584 2458 Ἴλου
1615 2416 1886 2473 Μερμερίδαο
1915 2419 1998 2459 265
2031 2418 2142 2461 τοῖος
2170 2416 2253 2458 ἐὼν
2278 2420 2537 2476 μνηστῆρσιν
2567 2420 2652 2474 ὁμι-

206 2486 367 2541 λήσειεν
387 2485 627 2537 Ὀδυσσεύς,
643 2487 821 2539 Ηποίντες
849 2486 1102 2541 κ’ὠκύμοροί
1128 2502 1172 2527 τε
1203 2488 1390 2538 γενοίατο
1422 2485 1672 2541 πικρόγαμοί
1701 2501 1757 2526 τε.
1788 2486 1909 2534 Quae
1938 2487 2143 2528 sententia
2171 2486 2274 2528 mihi
2303 2487 2474 2542 quidem
2502 2502 2655 2544 parum

206 2553 524 2596 accommodata
553 2568 645 2595 esse
674 2554 839 2596 videtur
867 2554 923 2597 ad
952 2554 1066 2597 hunc
1094 2555 1244 2597 locmn.
1303 2555 1414 2597 Nam
1445 2569 1500 2597 ex
1529 2569 1582 2597 ea
1609 2554 1777 2607 virtute,
1808 2568 1937 2609 quam
1966 2553 2113 2595 Ulixes
2141 2555 2407 2609 praestiterat
2436 2556 2653 2598 coenando

207 2636 258 2665 ac
286 2620 497 2678 potando,
527 2635 612 2664 non
640 2626 804 2678 poterat
833 2622 980 2666 coniici
995 2655 1007 2676 ,
1038 2622 1207 2679 qualem
1236 2638 1282 2667 se
1310 2622 1577 2680 praebiturus
1606 2626 1717 2666 esset
1756 2621 1801 2665 in
1828 2635 1974 2679 pugna
2011 2621 2217 2679 belloque.
2276 2621 2381 2668 Tale
2409 2627 2553 2668 autem
2580 2625 2655 2668 ali-

208 2690 312 2746 quid
340 2689 382 2733 h.
412 2690 440 2732 l.
472 2694 563 2732 erat
592 2690 939 2745 praedicandum,
970 2705 1102 2747 quum
1132 2691 1171 2735 ei
1201 2697 1410 2736 certamen
1439 2696 1551 2736 esset
1578 2691 1810 2735 ineundum
1839 2705 1934 2733 cum
1962 2690 2102 2734 multis
2132 2694 2175 2734 et
2202 2691 2385 2735 robustis
2414 2692 2655 2737 adolescen-

205 2756 321 2801 tibus
336 2790 347 2811 ,
395 2756 469 2813 qui
499 2769 610 2813 quae
637 2770 713 2813 per
741 2758 936 2802 iniuriam
967 2763 1297 2815 occupaverant,
1347 2773 1399 2804 ea
1439 2772 1516 2816 per
1559 2758 1645 2803 vim
1681 2757 1906 2803 defendere
1935 2762 2076 2808 essent
2111 2758 2260 2816 parati.
2319 2758 2421 2804 Jam
2449 2759 2593 2804 confer
2621 2759 2657 2803 si

205 2824 346 2882 placet
376 2837 495 2878 eum,
541 2837 668 2880 quem
705 2824 774 2868 hic
802 2825 988 2870 imitatus
1017 2830 1083 2870 est
1119 2826 1257 2871 locum
1287 2826 1314 2869 δ
1340 2828 1417 2872 341
1456 2828 1503 2884 (ρ
1536 2828 1616 2870 132
1657 2826 1767 2883 sqq.)
1797 2824 1842 2868 αἲ
1870 2825 1974 2883 γάρ,
2015 2825 2099 2869 Ζεῦ
2130 2840 2175 2869 τε
2206 2826 2340 2883 πάτερ
2369 2827 2436 2870 καὶ
2465 2824 2655 2885 Ἀθηναίη

205 2893 273 2936 καὶ
290 2888 489 2935 Ἄπολλον
519 2893 531 2949 Ιζ
550 2893 663 2940 τοῖος
691 2891 797 2949 ἐὼν,
828 2892 919 2941 οἷός
955 2893 1045 2938 ποτ’
1077 2892 1293 2954 ἐυκτιμένῃ
1325 2894 1385 2939 ἐνὶ
1404 2893 1561 2954 Λέσβῳ
1579 2895 1592 2952 Η
1622 2892 1673 2944 ἐξ
1699 2891 1842 2952 ἔριδος
1873 2892 2142 2955 Φιλομηλείδῃ
2172 2893 2393 2939 ἐπάλαισεν
2422 2894 2622 2951 ἀναστὰς,
2643 2895 2654 2952 Η

204 2960 287 3002 κὰδ
303 2959 475 3015 δ’ἔβαλε
504 2964 747 3017 κρατερῶς,
779 2964 1010 3021 κεχάροντο
1042 2962 1093 3004 δέ
1124 2963 1277 3009 πάντες
1302 2962 1454 3022 Ἀχαιοί
1489 2965 1502 3020 ΙΙ
1533 2965 1646 3009 τοῖος
1674 2962 1757 3004 ἐών
1778 2966 1857 3008 etc.
1876 2963 1960 3020 Ἣ
2006 2964 2076 3008 En
2091 2963 2225 3008 habes
2239 2964 2454 3023 specimen
2473 2977 2657 3022 magnae

250 3109 286 3150 *)
344 3110 553 3154 Hennings:
579 3111 751 3146 iiber-‘die
776 3113 1017 3153 Telemachie,
1041 3114 1139 3146 Jahn
1164 3114 1260 3149 Ann.
1287 3115 1412 3159 Suppl.
1441 3117 1529 3148 1858
1554 3125 1588 3159 p.
1615 3117 1680 3149 135
1705 3125 1782 3159 sqq.

230 3175 286 3217 **)
340 3177 410 3211 Die
434 3177 648 3224 Bedeutung
672 3179 737 3213 der
761 3180 1092 3226 Wiedcrholungen
1116 3181 1174 3215 fur
1197 3182 1255 3216 die
1279 3183 1376 3218 hom.
1399 3182 1540 3225 Kritik,
1562 3182 1661 3217 Jahn
1684 3184 1776 3219 Ann.
1803 3185 1890 3218 1863
1916 3193 1950 3229 p.
1977 3184 2042 3219 ⁷29
2067 3195 2145 3230 sqq.

212 3243 288 3284 ⁸⁸¹⁸)
336 3245 529 3288 Perper-sm
554 3246 726 3281 iudicavit
752 3248 940 3294 Hennings
964 3249 989 3283 l.
1014 3250 1037 3283 1.
1063 3260 1097 3292 p.
1125 3251 1207 3283 189:
1233 3251 1256 3283 δ
1278 3253 1340 3284 341
1356 3252 1460 3284 —346
1484 3250 1653 3285 scheinen
1670 3251 1739 3286 den
1757 3252 1894 3287 Ver-en
1918 3264 1942 3286 α
1965 3253 2145 3286 253-267
2170 3251 2426 3297 nachgebildet
2450 3261 2494 3284 zu
2517 3250 2606 3284 sein.
