2798 3744
176 296 322 351 pserit.
383 294 514 336 Cuius
543 294 715 336 fabulae
745 295 859 350 quod
888 294 1053 336 nullum
1094 294 1209 335 aliud
1245 294 1362 350 apud
1389 294 1628 336 Homerum
1657 298 1722 336 est
1750 293 2002 349 vestigium,
2052 295 2092 337 ei
2134 295 2197 337 rei
2231 295 2338 338 nihil
2371 296 2641 344 tribuendum

178 362 252 416 sit,
285 375 416 418 quum
445 374 532 403 non
562 361 706 403 omnia
735 361 905 418 saepius
934 363 1109 418 possent
1137 360 1326 416 proferri.
1385 359 1440 401 In
1469 359 1551 403 hac
1579 361 1708 417 igitur
1735 360 1882 403 fabula
1908 360 2202 415 Alexandrini,
2231 362 2541 418 Aristophanes
2578 367 2640 405 at·

178 444 260 485 que
288 429 582 482 Aristarchus,
612 429 847 471 reiecerunt
875 444 943 470 vv.
974 429 1222 479 614—617‚
1263 429 1364 482 quia
1400 429 1655 471 recentiores
1694 429 1942 471 statuissent
1968 428 2155 471 Niobam
2195 442 2364 484 quoque
2401 429 2446 471 in
2488 443 2640 472 saxum

179 511 272 539 esse
301 500 533 547 mutatam,
581 495 797 538 Homerus
827 509 913 538 non
943 496 1181 548 statuisset3
1230 494 1469 537 Dsmtzerus
1508 500 1653 537 contra
1690 509 1837 538 eorum
1874 508 2074 538 versuum
2117 509 2202 538 non
2231 496 2322 539 sine
2362 496 2475 538 iusta
2513 510 2640 539 causa

179 564 324 619 aliqua
342 577 397 605 ex
416 566 541 619 parte
559 562 665 605 mihi
683 562 851 605 videtur
870 562 1108 619 suscepisse
1128 562 1408 619 patrocinium
1426 562 1480 617 *)‚
1511 561 1679 620 Kochly
1699 563 1811 606 delet
1829 577 1896 607 vv.
1919 564 2016 618 608,
2038 563 2137 614 609,
2158 564 2398 617 614-617,
2413 564 2522 615 620,
2554 577 2638 620 quo

128 621 132 625 ⁴
177 632 290 673 facto
320 632 534 674 terniones
564 645 762 673 versuum
799 630 908 673 bene
949 630 1030 673 hoc
1060 632 1151 681 loco
1182 636 1308 686 atque
1348 631 1627 686 aequabiliter
1656 632 1889 688 procedunt
1930 632 2006 686 **).
2064 631 2243 675 Veteres
2272 636 2495 688 praeterea
2523 632 2567 674 in
2596 647 2635 674 v.

176 701 261 742 610
280 699 366 754 *Ἢ
397 703 652 742 annotarunt
668 698 712 739 ἐν
736 699 857 754 φόνῳ
931 698 975 740 ἐν
1000 701 1061 754 τῷ
1082 699 1198 754 τόπῳ
1219 697 1267 739 οὗ
1289 697 1607 756 ἐφονεύθησαν;
1639 701 1820 743 eundem
1850 700 1974 743 huius
2005 699 2199 743 vocabuli
2232 713 2356 742 usum
2385 699 2573 742 invenies
2603 698 2644 741 Κ

175 769 260 809 298
281 767 366 821 βάν
384 766 519 824 ῥ’ξαεν
541 766 597 821 ἂμ
630 766 759 822 φόνον
791 765 842 807 ἂν
866 765 1018 812 νέκυας
1038 772 1081 809 et
1097 782 1127 823 χ
1148 768 1230 809 376
1262 765 1307 807 ἐκ
1328 765 1463 821 φόνου
1484 766 1545 811 εἷς
1565 766 1692 823 αὐλήν
1722 768 1782 822 †).
1813 767 1936 811 Haeo
1965 768 2096 824 igitur
2126 768 2250 810 huius
2279 767 2473 811 vocabuli
2501 767 2564 810 Vis
2596 768 2637 809 in

175 835 485 891 antiquioribus
516 836 747 877 carminum
777 835 1088 877 homericorum
1117 835 1308 890 partibus
1352 834 1540 876 nondum
1577 834 1744 877 videtur
1782 836 1974 877 inveniri.
2004 849 2007 852 ⁴
2034 836 2106 878 Ad
2137 850 2304 879 versum
2334 837 2419 878 604
2447 835 2636 878 Alexan-

174 904 284 945 drini
313 906 543 959 posuerunt
564 902 719 958 diplen,
751 902 812 942 ὅτι
837 902 874 942 οἱ
907 903 1106 957 νεώτεροι
1137 902 1395 958 διαφωνοῦσι
1428 902 1522 957 περὶ
1554 903 1625 941 τοῦ
1656 900 1840 956 ἀριθμοῦ
1872 905 1953 942 τῶν
1975 902 2134 959 Νιόβης
2164 902 2348 943 παίδων·
2381 903 2417 942 οἱ
2441 902 2522 957 μὲν
2553 903 2635 958 γὰρ

174 970 519 1026 δεκατέσσαρας,
549 970 586 1009 οἱ
616 969 664 1009 δὲ
703 969 830 1009 εἴκοσι
874 969 971 1014 τοὺς
1002 965 1202 1022 Νιοβίδας
1230 969 1434 1023 λέγουσιν.
1495 969 1555 1010 At
1601 982 1674 1010 cur
1719 969 1788 1010 hic
1833 972 1962 1024 poeta
2002 970 2169 1011 Niobae
2219 971 2443 1012 duodecim
2492 971 2635 1012 tribuit

172 1039 360 1080 liberos?
417 1039 489 1079 An
520 1039 617 1094 quia
650 1038 709 1078 ita
739 1039 780 1078 in
811 1037 965 1078 fabulis
998 1043 1090 1078 erat
1120 1038 1354 1078 traditum?
1413 1037 1587 1078 Minime
1626 1050 1765 1085 vero„
1799 1037 1859 1078 At
1897 1051 1980 1092 qua
2010 1038 2092 1078 alia
2124 1038 2177 1079 de
2209 1039 2369 1080 causa?
2426 1037 2635 1080 Nimirum

172 1106 378 1149 memoria
408 1105 580 1149 tenebat
608 1105 700 1147 illos
731 1118 877 1147 versus
909 1105 962 1147 de
993 1105 1135 1147 liberis
1155 1105 1301 1157 Aeoli,
1322 1105 1435 1161 regis
1466 1108 1687 1146 ventorum
1718 1117 1820 1161 quos
1850 1105 2038 1146 imitatus
2069 1110 2133 1147 est
2162 1110 2289 1162 atque
2320 1106 2427 1147 adeo
2457 1106 2514 1147 ad
2542 1119 2634 1148 ver-

173 1174 275 1216 bum
306 1174 394 1216 fere
423 1173 629 1230 repetivit.
697 1173 852 1215 Confer
882 1173 918 1215 si
948 1171 1087 1229 placet
1118 1188 1140 1212 ιι
1170 1175 1208 1214 5.
1241 1175 1265 1214 6
1298 1174 1370 1213 τοῦ
1400 1174 1465 1215 καὶ
1496 1172 1663 1213 δώδεκα
1697 1172 1845 1217 παῖδες
1875 1172 1935 1212 ἐνὶ
1959 1174 2169 1229 μεγάροις
2198 1173 2396 1226 γεγάασιν
2436 1176 2446 1207 ’ἑ
2482 1174 2533 1220 ἓξ
2553 1175 2633 1228 μὲν

175 1240 437 1296 θυγατέρες,
490 1240 538 1286 ἓξ·
567 1239 722 1284 δὐἱέες
751 1240 983 1297 ἡβώοντες.
1044 1241 1170 1282 Adde
1207 1240 1319 1296 quod
1359 1241 1428 1282 1110
1457 1245 1584 1297 poeta
1614 1242 1657 1281 in
1686 1241 1798 1282 idem
1837 1241 1986 1281 vitium
2023 1242 2166 1282 nescio
2204 1255 2260 1282 an
2288 1242 2499 1295 inciderit,
2552 1256 2634 1297 quo

173 1309 286 1350 haud
316 1322 411 1349 raro
442 1308 724 1362 antiquiorum
756 1313 976 1363 poetarum
1017 1309 1247 1349 imitatores
1278 1313 1487 1349 tenentur.
1548 1309 1636 1350 Res
1682 1309 1793 1350 enim
1835 1308 1986 1349 mirum
2036 1309 2078 1349 111
2117 1309 2290 1350 modum
2330 1323 2633 1364 saepenumero

172 1381 332 1430 augent
361 1381 490 1429 atque
520 1381 728 1416 exornant
758 1376 851 1427 ††).
893 1375 1047 1416 Nonne
1078 1376 1229 1416 mirum
1261 1380 1391 1416 totam
1422 1382 1593 1429 gentem
1622 1376 1763 1417 Nioba
1793 1380 1971 1430 excepta
2008 1376 2052 1416 in
2081 1376 2243 1431 lapides
2275 1390 2368 1418 esse
2397 1378 2632 1418 mutatam?

171 1458 254 1485 non
285 1444 438 1485 mirum
469 1442 571 1485 deos
601 1443 737 1497 ipsos,
770 1456 874 1496 quos
906 1457 959 1484 ex
991 1443 1187 1498 opinione
1218 1442 1478 1485 Graecorum
1508 1448 1695 1486 mortuos
1725 1447 1900 1498 tangere
1931 1447 2022 1485 erat
2048 1442 2189 1497 nefas,
2219 1442 2367 1486 feralia
2387 1447 2633 1486 attrectasse

170 1516 296 1567 atque
324 1511 533 1553 Niobidas
564 1510 796 1551 humasse?
857 1509 980 1558 Quod
1011 1514 1098 1551 toto
1137 1510 1216 1551 hoc
1253 1511 1343 1553 loco
1382 1525 1515 1566 parva
1554 1516 1618 1553 est
1648 1511 1768 1567 copia
1798 1515 1925 1567 atque
1959 1511 2131 1553 ubertas
2161 1510 2489 1553 vocabulorum:
2550 1514 2627 1555 601

162 1580 429 1636 μνησώμεθα
461 1578 652 1634 δόρπου,
685 1580 767 1620 602
801 1577 1010 1634 ἐμνήσατο
1042 1577 1189 1635 σίτου,
1219 1580 1300 1620 613
1334 1579 1447 1618 σίτου
1477 1578 1667 1635 μνήσατ’,
1714 1580 1816 1631 618,
1848 1580 1930 1620 619
1956 1577 2350 1633 μεδώμεθα-σίτου,
2388 1580 2431 1621 id
2463 1580 2632 1636 quidem

168 1648 338 1703 saepius
369 1647 412 1687 in
442 1646 523 1688 hac
553 1646 784 1702 rhapsodia
815 1650 983 1700 poterat
1013 1646 1162 1686 notari.

373 1714 579 1756 Versibus
612 1715 682 1770 qui
712 1714 796 1754 iam
828 1717 1062 1769 sequuntur
1094 1714 1337 1769 vulgaribus
1369 1714 1450 1754 illis
1482 1718 1609 1769 atque
1642 1714 1804 1755 usitatis
1836 1714 2023 1755 formulis
2057 1714 2307 1755 describitur
2328 1716 2480 1757 caedes
2507 1730 2631 1772 pecu-

170 1784 254 1833 dis,
306 1788 538 1837 apparatus
571 1795 747 1831 coenae,
799 1795 929 1820 coena
959 1782 1080 1834 ipsa,
1127 1795 1210 1835 qua
1241 1782 1292 1820 de
1323 1795 1369 1820 re
1400 1784 1451 1822 01.
1482 1782 1687 1832 indicem,
1728 1796 1852 1835 quem
1883 1782 1918 1820 si
1947 1796 2024 1835 per
2054 1782 2179 1835 spatii
2209 1782 2311 1821 mihi
2342 1786 2529 1824 concessi
2558 1799 2631 1824 an-

168 1851 332 1904 gustias
365 1850 539 1899 licuerit,
571 1849 670 1888 huic
702 1849 984 1889 dissertationi
1017 1849 1235 1899 adiiciam3
1268 1864 1331 1888 vv.
1365 1850 1448 1888 625
1471 1854 1513 1889 et
1535 1852 1560 1889 6
1591 1855 1689 1888 sunt
1708 1853 1756 1889 ut
1777 1848 1848 1888 alii
1880 1862 2045 1902 quoque
2075 1848 2199 1888 huius
2230 1848 2483 1904 rhapsodiae
2512 1865 2632 1905 repe-

170 1918 232 1958 titi
264 1931 317 1957 ex
350 1916 372 1955 Ι
388 1918 485 1957 216.
510 1917 615 1968 217,
648 1929 731 1970 qua
762 1915 802 1955 in
834 1929 880 1956 re
916 1915 1068 1956 mirum
1099 1916 1272 1957 forsitan
1311 1915 1387 1967 sit,
1439 1915 1551 1970 quod
1581 1915 1649 1956 1110
1678 1914 1867 1957 Achilles
1898 1914 2156 1957 obliviscitur
2193 1915 2367 1958 deorum
2398 1917 2449 1958 cf.
2479 1917 2503 1959 I
2533 1919 2630 1960 219.

168 1985 302 2025 Fame
333 1983 485 2025 deinde
517 1983 668 2038 sitique
699 1982 876 2038 depulsa
918 1982 1010 2023 cibo
1042 1990 1084 2023 et
1114 1983 1282 2038 potione
1312 1982 1509 2023 Priamus
1540 1991 1582 2023 et
1612 1982 1799 2024 Achilles
1838 1982 1945 2023 alter
1974 1983 2153 2023 alterum
2193 1983 2372 2038 adspicit
2401 1989 2528 2039 atque
2558 1986 2631 2026 ad-

164 2054 353 2092 miratur.
417 2052 512 2097 Qua
543 2052 585 2089 in
607 2065 653 2090 re
684 2051 786 2090 mihi
818 2051 988 2104 quidem
1022 2040 1197 2100 mirum,
1230 2051 1340 2104 quod
1372 2066 1443 2091 eos
1475 2051 1587 2091 fame
1619 2050 1788 2091 demum
1819 2051 1989 2104 expleta
2020 2050 2128 2091 intrr
2158 2065 2204 2092 se
2233 2051 2333 2092 facit
2362 2051 2632 2105 admirante8‚

168 2121 279 2174 quod
309 2135 408 2160 vero
440 2119 629 2159 Achilles
661 2119 812 2159 dicitur
842 2119 1075 2159 admiratus
1106 2134 1199 2159 esse
1230 2133 1375 2160 senem
1406 2133 1551 2172 regem
1582 2116 1786 2171 εἰσορόων
1818 2115 1913 2171 ὅφιν
1946 2115 1980 2158 τ’
2009 2116 2174 2173 ιὶγαῦὴν
2206 2118 2273 2159 καὶ
2288 2117 2427 2171 μῦθον
2452 2117 2631 2173 ἀκούων,

169 2190 246 2229 hoc
279 2189 333 2229 ad
364 2188 546 2229 eandem
576 2187 685 2229 redit
715 2202 824 2233 rem,
858 2201 987 2241 quam
1019 2187 1263 2242 saepissime
1294 2187 1337 2228 in
1366 2185 1447 2228 hac
1477 2185 1706 2242 rhapsodia
1736 2184 2112 2242 deprehendimus,
2145 2185 2259 2242 quod
2288 2185 2356 2230 1110
2384 2192 2511 2244 poeta
2540 2187 2631 2231 aliis

166 2256 375 2309 versibus,
422 2270 602 2311 quorum
646 2254 1014 2308 reminiscebatur,
1060 2269 1211 2310 parum
1250 2254 1424 2297 feliciter
1466 2259 1530 2297 est
1569 2268 1682 2296 usus.
1740 2253 1853 2296 Nam
1900 2253 1980 2297 hoc
2011 2254 2101 2297 1000
2132 2254 2262 2298 verba
2295 2254 2434 2309 μῦθον
2465 2254 2629 2297 α’κούων

167 2326 336 2368 omnino
367 2324 571 2381 explicari
602 2337 686 2365 uon
716 2327 908 2379 possunt.
940 2322 1010 2365 Ex
1042 2337 1125 2379 quo
1156 2323 1267 2366 enim
1297 2329 1487 2379 tempore
1517 2322 1714 2364 Priamus
1746 2336 1841 2364 cum
1870 2321 2037 2364 Achille
2068 2323 2230 2366 locutus
2262 2328 2338 2377 est,
2370 2323 2631 2380 aliquantum

171 2393 252 2433 iam
282 2393 482 2448 temporis
514 2392 742 2448 praeteriit.
803 2392 863 2432 At
895 2392 947 2432 de
978 2391 1058 2431 illis
1089 2391 1214 2432 rebus
1231 2423 1241 2443 ,
1282 2405 1392 2447 quae
1422 2392 1478 2433 ad
1508 2390 1786 2433 aestheticam
1824 2395 2073 2432 revocantur
2102 2405 2310 2447 perquam
2346 2392 2513 2433 diversa
2542 2392 2631 2434 fieri

168 2461 301 2502 solere
332 2460 506 2511 iudicia,
552 2460 595 2501 id
626 2459 705 2501 1100
735 2472 905 2515 quoque
936 2459 1028 2500 loco
1060 2459 1252 2500 videmus
1292 2472 1385 2500 esse
1414 2459 1586 2500 factum.
1625 2458 1693 2500 De
1725 2471 1807 2514 quo
1839 2471 1969 2513 quum
1998 2459 2057 2499 ita
2088 2458 2345 2514 disputasset
2375 2458 2630 2515 Geppertus,

166 2534 213 2568 ut
244 2528 534 2568 contenderet:
589 2527 722 2579 „Was
761 2528 822 2567 sie
866 2527 977 2567 nach
1007 2527 1105 2567 dem
1135 2527 1413 2568 Abeudessen
1444 2527 1550 2567 thun
1580 2527 1634 2567 ist
1666 2527 1763 2567 sehr
1789 2526 2043 2577 sonderbar,
2090 2527 2150 2567 sie
2189 2526 2319 2567 sehen
2364 2528 2457 2567 eine
2495 2541 2631 2581 ganze

168 2595 261 2645 Zeit
291 2595 494 2638 einander
524 2597 620 2647 an“,
666 2594 908 2636 Di'mtzerus
940 2600 1087 2636 contra
1119 2594 1362 2637 affirmavit:
1412 2595 1515 2648 „Als
1559 2594 1753 2635 Priamos
1785 2594 1871 2634 und
1901 2593 2119 2634 Achilleus
2158 2593 2233 2634 das
2271 2593 2390 2635 Mahl
2430 2594 2631 2650 beendigt

168 2664 333 2717 haben,
384 2664 439 2705 da
470 2668 649 2705 staunen
680 2664 740 2705 sie
770 2664 859 2705 sich
890 2663 1112 2717 einander,
1135 2677 1201 2704 au.
1258 2663 1412 2705 Bisher
1449 2677 1593 2704 waren
1632 2663 1756 2703 beide
1800 2676 1898 2703 vom
1928 2661 2151 2703 Schmerze
2190 2663 2277 2703 und
2306 2663 2631 2718 mannigfachen
2665 2675 2667 2678 ’

167 2732 526 2774 Leidenschaften
557 2745 603 2772 so
634 2732 823 2787 bewegt,
875 2732 972 2772 dass
1003 2732 1104 2772 kein
1143 2732 1311 2786 ruhiger
1340 2732 1528 2772 Anblick
1565 2731 1751 2785 miiglich
1781 2744 1887 2770 war:
1931 2731 2038 2783 jetzt
2068 2730 2192 2781 aber,
2243 2745 2307 2771 wo
2345 2732 2405 2771 sie
2435 2730 2631 2786 beruhigt

167 2801 283 2853 sind,
316 2806 497 2842 staunen
528 2800 589 2841 sie
620 2800 821 2841 einander
850 2814 905 2840 an
922 2832 933 2853 ,
964 2800 1107 2840 indem
1138 2800 1198 2840 sie
1228 2800 1494 2856 gegenseitig
1522 2799 1614 2841 ihre
1644 2798 1949 2854 gbttergleiche
1982 2798 2146 2840 Gestalt
2175 2798 2474 2840 bewundern“.
2523 2797 2630 2840 'Ver-

167 2884 260 2911 sum
290 2869 444 2911 deinde
475 2869 558 2910 632
588 2867 829 2909 Diintzerus
860 2868 973 2910 eiicit
1004 2874 1046 2910 et
1076 2873 1246 2923 propter
1276 2868 1378 2910 illud
1403 2866 1543 2921 μῦθον
1575 2864 1766 2914 ἀκούων,
1809 2865 1861 2908 de
1893 2880 1975 2921 quo
2008 2880 2137 2922 supra
2175 2866 2387 2921 disputavi
2432 2871 2474 2907 et
2504 2879 2629 2922 prop-

166 2947 229 2979 ter
260 2935 355 2991 ὄφιν
387 2935 583 2992 ἀγαθήν,
635 2935 788 2991 quibus
826 2935 964 2978 verbis
995 2936 1109 2991 apud
1140 2935 1374 2979 Homerum
1405 2935 1618 2978 hominem
1648 2932 1931 2977 venerabilem
1963 2935 2166 2990 adspectu
2207 2948 2292 2976 non
2323 2933 2503 2976 describi
2534 2947 2629 2976 0011-

212 3088 246 3128 *)
297 3099 329 3130 p.
357 3089 434 3121 417.
484 3106 523 3112 -
575 3087 629 3126 **)
679 3099 700 3129 p
717 3114 724 3121 .
754 3090 807 3121 16.
856 3106 898 3110 -—-
948 3087 1024 3128 ***)
1072 3087 1180 3121 fichol
1218 3087 1382 3120 Eustath.

211 3156 249 3196 †)
298 3154 413 3188 Busta
440 3155 474 3187 ἐν
502 3155 541 3187 δὲ
565 3144 639 3200 τῷ,
662 3155 792 3193 ἕζεσθε
819 3155 953 3199 θύραζε
979 3156 1015 3187 ἐκ
1041 3155 1150 3199 φόνου
1176 3155 1229 3193 εἰς
1251 3155 1356 3200 αὐλὴν
1371 3180 1379 3195 ,
1405 3154 1552 3186 δύναται
1569 3153 1678 3196 φ’όνυς
1693 3154 1748 3185 καὶ
1774 3155 1812 3187 τὸ
1823 3155 1935 3200 least»
1962 3154 2046 3196 αἷμα
2072 3154 2245 3201 λέγεσῦαι
2269 3155 2325 3187 καὶ
2353 3155 2371 3186 ὑ
2394 3155 2513 3197 τόπος,
2539 3154 2627 3188 ἔνθα

302 3212 335 3246 οἱ
359 3212 459 3256 φόνοι
482 3215 551 3246 τῶν
573 3213 791 3258 μνηστήρων.

188 3281 251 3322 ††)
300 3281 345 3314 de
369 3285 461 3315 extr.
489 3281 554 3314 Od.
582 3291 616 3325 p.
644 3281 728 3315 diss.
754 3280 881 3314 Bielef.
911 3283 999 3313 1855
1025 3291 1061 3325 p.
1089 3282 1142 3313 12.
