2798 3744
1193 107 1579 154 ..16-

159 245 185 274 a
216 232 316 287 iugo
346 231 534 284 solvimt,
582 243 835 287 praeconem
863 231 1155 285 introducunt,
1201 233 1312 274 dona
1342 246 1397 275 ex
1426 233 1616 289 plaustro
1646 233 1900 289 depromunt
1928 233 2092 275 duobus
2123 234 2311 290 exceptis
2340 227 2613 289 vestimentis,

163 297 315 353 quibus
344 297 542 340 Hectoris
584 311 734 355 corpus
764 301 954 354 tegatur,
1004 300 1181 342 ancillae
1218 304 1445 343 evocantur
1489 305 1616 357 atque
1645 299 1843 342 iubentur
1870 298 2068 342 Hectoris
2107 312 2259 356 corpus
2301 301 2446 345 lavare
2489 306 2616 359 atque

165 378 356 423 unguere
384 366 554 423 procul,
585 379 639 408 ne
668 365 775 408 forte
802 365 964 408 Priami
993 366 1364 410 lamentationibus
1395 367 1572 411 Achillis
1602 368 1767 411 animus
1796 366 1995 409 irritetur.
2042 366 2137 416 Quo
2166 366 2277 409 facto
2306 367 2398 423 ipse
2426 368 2615 414 Achilles

157 448 267 476 -cum
295 434 495 475 ministris
525 447 676 489 corpus
705 434 750 474 in
778 434 1016 488 plaustrum
1046 435 1222 491 imponit
1250 436 1519 490 Patroclique
1548 449 1695 477 manes
1724 439 1942 490 precatur,
1972 448 2027 477 ne
2055 440 2321 488 succenseat,
2353 437 2467 491 quod
2495 438 2615 480 donis

165 500 347 556 acceptis
377 500 629 542 reddidisset
658 501 769 556 patri
788 499 1042 553 Hectorem,
1074 502 1213 557 ipsum
1243 501 1394 544 horum
1425 502 1628 544 donorum
1658 503 1813 544 iustam
1843 501 2112 558 debitamque
2142 505 2307 558 partem
2331 507 2614 559 accepturum.

364 579 536 621 Primus
565 592 710 621 versus
750 580 829 620 571
872 583 918 620 ut
948 580 1019 621 alii
1048 581 1169 622 multi
1199 581 1321 623 huius
1351 582 1605 637 rhapsodias
1634 595 1690 624 ex
1718 581 1855 637 prima
1886 580 2112 622 translatus
2152 581 2204 623 cf.
2236 581 2267 621 A
2297 582 2367 625 33.
2395 581 2464 623 De
2491 596 2615 624 voca—

164 648 263 690 bulo
296 645 422 687 οἴκοιο
452 648 554 697 572,
587 649 652 687 est
679 646 791 687 enim
822 646 875 687 de
904 648 1107 697 tentorio,
1136 638 1263 704 supra
1293 649 1458 704 egimus
1475 680 1486 701 ,
1518 653 1703 691 ceterum
1724 648 1764 690 h.
1787 649 1811 689 1.
1835 648 1971 689 simile
2000 647 2107 688 λέων
2139 647 2204 695 ὥς
2231 648 2370 690 minus
2399 652 2499 704 apte
2519 662 2613 691 esse

166 715 363 771 positum·
381 714 503 756 facile
532 712 760 768 intelliges,
808 713 844 754 si
874 715 1183 769 comparaveris
1215 714 1246 753 Α
1280 716 1359 756 129
1391 715 1458 757 vel
1495 714 1532 754 1·
1559 717 1659 767 164,
1711 714 1862 770 quibus
1893 715 1993 756 locis
2026 728 2121 756 cum
2150 714 2339 757 leonibus
2371 729 2616 771 comparan-

164 788 233 825 tur
262 783 412 825 heroes
442 782 485 823 in
514 780 697 822 hostium
728 780 894 822 ordines
924 781 1142 823 irruentes.

370 862 452 902 573
485 859 535 901 cf.
568 859 604 899 B
634 860 739 911 822,
768 858 801 911 β
834 860 899 900 11.
959 859 1188 901 Praeterea
1219 859 1284 901 cui
1313 873 1399 901 non
1430 859 1544 901 venit
1573 859 1616 900 in
1646 863 1832 902 mentem
1861 859 1930 901 ille
1960 872 2126 901 versus:
2173 858 2247 900 οὐκ
2276 858 2341 917 οἴη
2373 860 2460 915 ἅμα
2493 862 2538 917 τῇ
2571 875 2618 913 γε

166 931 232 970 καὶ
263 927 485 983 ἀμφίπολοι
517 924 748 977 affluam,
781 925 852 981 qui
882 929 1111 981 usurpatur
1141 926 1192 967 de
1222 925 1388 968 Helena
1419 926 1473 968 ad
1504 926 1619 967 illam
1653 925 1939 982 τειχυσκοπίαν
1973 926 2090 968 eunti
2125 924 2162 966 Γ
2187 928 2270 968 412
2301 928 2369 969 vel
2398 928 2452 971 de
2481 928 2618 971 Pene-

164 997 263 1051 lopa
293 996 348 1037 ad
377 1007 528 1050 procos
558 1006 603 1034 se
633 992 862 1033 conferenti
893 1007 920 1031 α
951 994 1056 1044 331,
1090 1007 1118 1031 σ
1145 995 1240 1033 207.

369 1073 450 1114 Vv.
482 1073 566 1113 580
596 1074 638 1112 et
676 1072 754 1111 581
789 1070 934 1124 rejecit
963 1069 1141 1125 Kiichly.
1172 1070 1210 1123 *)
1271 1070 1365 1118 Qua
1404 1070 1446 1111 in
1484 1084 1529 1112 re
1567 1084 1651 1112 non
1689 1083 1799 1125 nego
1839 1069 2010 1125 quidem
2047 1083 2119 1112 eos
2159 1070 2200 1114 h.
2243 1071 2269 1111 1.
2300 1084 2424 1126 posse
2460 1071 2620 1125 deesse,

167 1143 243 1184 sed
274 1154 402 1183 causa
432 1153 559 1194 quam
599 1138 771 1193 protulit
812 1136 914 1178 mihi
944 1151 1029 1179 non
1060 1138 1161 1179 satis
1192 1151 1349 1191 magna
1393 1141 1519 1192 atquc
1549 1137 1690 1192 gravis
1721 1140 1785 1179 est
1815 1136 1928 1189 visa,
1978 1140 2023 1178 at
2052 1137 2089 1179 si
2118 1151 2287 1180 versum
2317 1139 2423 1190 583,
2472 1138 2531 1180 ita
2560 1139 2621 1181 uti

172 1209 339 1263 Kiichly
370 1207 553 1259 censuit,
592 1205 822 1247 omittimus
840 1237 851 1257 ,
892 1219 1038 1247 vereor
1067 1220 1120 1247 ne
1151 1220 1296 1246 versus
1327 1210 1550 1260 sequentes
1581 1205 1652 1247 vix
1682 1203 1843 1261 possint
1872 1202 2062 1258 intelligi.
2120 1203 2235 1247 Nam
2263 1208 2311 1247 ut
2339 1204 2552 1248 deleamus
2582 1221 2620 1248 v.

168 1279 274 1330 583,
320 1274 421 1331 quid
450 1272 531 1316 sibi
560 1272 705 1316 volunt
735 1271 891 1316 verba:
923 1272 1096 1315 ancillas
1128 1272 1245 1315 iussit
1276 1286 1426 1329 corpus
1457 1273 1599 1316 lavare
1629 1276 1671 1315 et
1701 1284 1888 1329 unguere
1919 1270 2092 1327 (scilicet
2121 1261 2245 1314 eirtra
2273 1272 2535 1328 tentorium),
2567 1286 2621 1315 ne

164 1343 326 1385 Priami
354 1343 439 1383 filio
471 1344 695 1395 conspecto
726 1340 845 1380 dolor
874 1345 1126 1394 erumperet.
1180 1341 1238 1380 At
1268 1354 1322 1381 ne
1353 1341 1412 1381 ita
1443 1341 1613 1395 quidem
1644 1341 1745 1381 vidit
1774 1339 1995 1390 Priamus,
2028 1340 2099 1393 qui
2119 1353 2216 1380 cum
2234 1353 2443 1394 praecone
2469 1341 2513 1381 in
2532 1345 2621 1381 ten-

165 1412 271 1454 torio
301 1410 515 1452 remansit.
574 1407 743 1448 Dixerit
774 1407 1004 1462 quispiam:
1049 1421 1103 1448 ne
1140 1407 1298 1448 Priami
1328 1406 1448 1448 dolor
1478 1410 1692 1462 erumpat,
1732 1406 1767 1447 si
1797 1406 2063 1461 conspexerit
2102 1405 2235 1447 filium
2278 1406 2452 1462 pulvere
2494 1409 2621 1462 atque

167 1477 437 1529 contumelia,
489 1489 572 1531 qua
603 1488 699 1517 eum
739 1474 883 1516 affecit
914 1473 1125 1518 Achilles.
1170 1473 1462 1516 deformatum.
1546 1474 1606 1515 At
1635 1487 1719 1515 non
1749 1478 1812 1515 est
1842 1486 1992 1529 corpus
2023 1472 2306 1515 deformatum
2336 1473 2387 1515 cf.
2418 1474 2500 1515 419
2531 1487 2620 1529 sqq.

168 1545 329 1595 Quodsi
357 1544 435 1586 hos
465 1556 610 1585 versus
641 1541 892 1593 retinemuS,
924 1554 1009 1583 non
1039 1555 1263 1597 possumus
1295 1555 1439 1584 carere
1470 1556 1507 1584 v.
1539 1542 1648 1594 583,
1682 1554 1809 1596 quum
1837 1540 2043 1596 particula
2073 1539 2134 1597 μή
2165 1541 2250 1583 584
2284 1553 2370 1583 non
2401 1540 2622 1584 referenda

166 1614 220 1655 sit
249 1612 305 1655 ad
333 1625 372 1653 v.
405 1611 511 1663 582,
542 1608 747 1650 referatur
776 1608 831 1649 ad
862 1621 899 1650 v.
932 1609 1028 1649 583.
1074 1608 1190 1664 Ergo
1220 1612 1292 1649 aut
1322 1622 1361 1649 v.
1393 1610 1475 1649 583
1508 1608 1747 1649 retinendus
1778 1610 1850 1648 aut
1881 1620 1964 1648 una
1990 1620 2085 1648 cum
2115 1621 2181 1649 vv.
2204 1609 2373 1649 584—6
2405 1607 2621 1650 delendus.

170 1681 369 1722 Ceterum
399 1676 580 1719 concedo
611 1676 716 1716 haec
736 1676 877 1716 omnia
906 1676 1056 1716 melius
1087 1680 1214 1730 atque
1242 1676 1381 1731 aptius
1412 1676 1599 1730 potuisse
1630 1675 1810 1725 narrari,
1844 1679 1887 1714 at
1915 1688 2001 1715 non
2030 1679 2118 1715 tam
2149 1675 2259 1716 male
2291 1678 2388 1715 sunt
2418 1675 2621 1727 instituta,

174 1751 221 1789 ut
251 1759 395 1788 versus
426 1744 569 1799 utique
601 1743 684 1783 sint
714 1742 917 1784 eiiciendi.
977 1742 1129 1797 Neque
1159 1742 1268 1784 enim
1299 1742 1439 1784 omnia
1470 1742 1604 1783 nitent
1633 1742 1676 1783 in
1706 1741 1786 1782 hac
1815 1740 2052 1797 rhapsodia.

372 1823 451 1867 Vv.
483 1824 578 1863 594.
624 1823 663 1862 5.
725 1820 880 1862 delevit
909 1820 1204 1873 Aristarchus,
1254 1821 1366 1875 quod
1410 1833 1494 1861 non
1524 1824 1636 1861 recte
1677 1819 1833 1861 diceret
1862 1819 2047 1861 Achilles
2092 1819 2146 1861 ob
2187 1820 2298 1861 dona
2337 1832 2431 1861 sese
2472 1833 2622 1875 corpus

167 1892 364 1937 Hectoris
404 1889 659 1942 reddidisse,
711 1888 840 1930 immo
870 1901 968 1930 eum
997 1887 1117 1930 Jovis
1148 1887 1323 1944 imperio
1353 1887 1483 1929 fuisse
1516 1890 1729 1940 coactum,
1781 1899 1911 1942 quum
1940 1886 2142 1929 ultionem
2178 1886 2247 1929 ille
2287 1886 2458 1943 quidem
2502 1886 2622 1929 donis

170 1964 408 2005 mutaturus
429 1971 514 1999 non
534 1957 693 1999 fuisset.
744 1956 831 1997 Alii
851 1956 1238 1998 Alexandrinorum
1267 1969 1414 1998 versus
1445 1956 1719 1997 retinuerunt.
1770 1954 2015 1996 Aristarcho
2035 1955 2261 1996 assentitur
2279 1956 2323 1996 A
2343 1954 2524 2011 ,Kochly
2543 1955 2622 2005 **);

172 2029 305 2083 „NVas
335 2027 410 2068 das
441 2024 743 2079 Schlussgebet
773 2024 976 2078 anlangt,
1023 2036 1069 2064 so
1113 2023 1188 2064 hat
1217 2024 1290 2064 der
1321 2022 1512 2078 gesunde
1547 2022 1661 2062 Takt
1696 2022 1938 2062 Aristarchs
1976 2022 2044 2063 die
2074 2023 2299 2078 unwiirdig
2329 2023 2624 2078 eigenm’itzige

166 2096 256 2137 und
287 2092 494 2136 thiirichte
523 2090 784 2145 Motivirung
813 2091 897 2130 594
926 2090 955 2130 f.
988 2089 1230 2130 verworfen.
1289 2089 1409 2130 Aber
1446 2089 1606 2129 freilich
1634 2089 1710 2129 mit
1740 2089 1837 2130 dem
1876 2089 2046 2130 blossen
2077 2089 2138 2129 ὅτι
2156 2086 2340 2137 Ἕκτορα
2372 2089 2461 2129 δῖον
2493 2087 2622 2130 ἔλυσα

166 2164 376 2218 schnappt
419 2160 486 2201 die
516 2158 631 2199 Bitte
669 2171 742 2198 um
771 2157 1045 2211 Verzeihung
1089 2157 1198 2198 ohne
1228 2157 1308 2198 alle
1339 2156 1632 2211 Begriindung
1661 2156 1728 2199 ab.
1790 2155 1867 2197 Ich
1906 2156 2018 2198 hoffe
2048 2170 2175 2198 unser
2203 2156 2381 2199 Dichter
2410 2156 2486 2199 hat
2513 2156 2624 2199 nach

165 2230 262 2271 dem
291 2229 421 2270 Sinne
451 2226 525 2267 des
555 2237 732 2280 grossen
761 2223 972 2265 Kritikers
1014 2223 1203 2265 wirklich
1232 2222 1593 2278 hinzugedjchtet:
1646 2223 1770 2277 πατρὶ
1809 2221 1916 2278 φίλῳ
1960 2222 2050 2264 ἐπεὶ
2080 2222 2105 2279 ἦ
2131 2239 2203 2278 μοι
2239 2221 2457 2278 Ὀλύμπιος
2495 2223 2625 2268 αὐτὸς

168 2297 343 2347 ἀνώγει,
393 2294 472 2336 wie
502 2292 593 2335 sein
621 2291 840 2333 Achilleus
871 2289 1002 2332 schon
1033 2289 1143 2332 oben
1174 2290 1246 2332 der
1274 2289 1433 2332 Mutter
1462 2293 1742 2345 geantwortet
1771 2288 1857 2330 hat.
1918 2289 2044 2331 Dann
2089 2290 2230 2333 haben
2269 2291 2345 2333 wir
2388 2290 2497 2332 auch
2532 2290 2625 2333 hier

169 2365 263 2406 eine
291 2360 536 2405 Vierzeile.“
590 2358 738 2414 Neque
769 2362 912 2400 tamen
952 2370 1032 2412 ego
1076 2357 1145 2398 isti
1192 2357 1520 2413 discrepantiae,
1572 2369 1699 2412 quam
1728 2356 2009 2399 Alexandrini
2046 2358 2126 2400 sibi
2164 2358 2491 2415 deprehendisse
2526 2362 2624 2400 sunt

173 2431 263 2482 visi,
297 2428 475 2471 multum
503 2426 731 2469 tribuerim.
783 2425 907 2474 Quod
937 2424 991 2466 A.
1022 2423 1190 2481 Kochly
1220 2424 1401 2467 affimat
1430 2424 1540 2466 hanc
1571 2437 1744 2466 causam
1776 2436 1903 2479 quam
1933 2424 2081 2467 afferat
2109 2425 2297 2468 Achilles
2327 2439 2420 2469 esse
2449 2426 2623 2482 indigne

170 2508 347 2540 avaram
376 2498 419 2537 et
447 2493 639 2547 stultam,
690 2492 733 2534 id
763 2491 905 2534 nescio
948 2504 1003 2532 an
1033 2503 1088 2532 ex
1117 2495 1283 2533 nostrae
1313 2490 1464 2532 aetatis
1494 2503 1655 2546 suoque
1683 2490 1816 2546 ipsius
1852 2491 2021 2546 ingenio
2050 2492 2298 2534 iudicaverit
2325 2493 2465 2548 potius
2495 2506 2623 2549 quam

167 2579 222 2607 ex
256 2562 409 2606 aetatis
438 2561 676 2603 homericae
706 2559 913 2612 moribus,
947 2572 1031 2614 qua
1061 2562 1202 2601 aetate
1231 2559 1420 2601 homines
1451 2559 1494 2599 in
1524 2571 1576 2600 ea
1606 2558 1736 2599 fuisse
1767 2558 1976 2600 sententia
2004 2564 2179 2613 constat,
2210 2564 2258 2601 ut
2287 2560 2511 2603 crederent
2523 2561 2622 2602 sibi-

165 2646 247 2688 que
279 2643 531 2687 persuasum
560 2628 763 2669 haberent
793 2627 913 2669 donis
945 2631 1073 2682 atque
1102 2626 1312 2668 sacrificiis
1342 2626 1529 2681 ipsorum
1560 2625 1860 2667 immortalium
1900 2626 2074 2668 deorum
2103 2628 2265 2669 animos
2295 2627 2455 2683 placari
2483 2641 2619 2684 posse.

168 2699 293 2748 Quod
313 2711 413 2740 vero
443 2696 612 2737 fuerunt
642 2695 710 2750 qui
742 2698 1012 2749 quaererent,
1053 2707 1135 2747 quo
1166 2694 1288 2735 modo
1308 2693 1527 2734 Patroclus
1559 2696 1749 2733 mortuus
1778 2697 1944 2747 partem
1974 2694 2187 2748 quandam
2214 2694 2339 2750 pretii
2367 2708 2443 2750 pro
2463 2694 2621 2738 Hecto-

165 2768 222 2808 ris
258 2777 432 2820 corpore
462 2763 587 2804 soluti
616 2762 806 2816 accipere
835 2765 1005 2816 posset,
1038 2760 1081 2802 id
1111 2759 1213 2801 nihil
1243 2764 1317 2802 est.
1356 2760 1482 2802 Hanc
1503 2759 1809 2802 dubitationem
1839 2760 1923 2802 iam
1944 2763 2105 2804 veteres
2134 2765 2445 2817 proposuerunt
2473 2761 2620 2804 iidem-

164 2848 246 2889 que
276 2833 504 2875 solverunt.
534 2830 619 2883 ***)

209 2980 243 3021 *)
292 2989 328 3024 p.
357 2980 410 3013 16.
461 2975 669 3012 Verworfen
701 2976 795 3010 habe
821 2975 879 3009 ich
903 2977 971 3009 580
995 2974 1018 3008 f.
1044 2974 1098 3008 als
1124 2974 1159 3006 in
1173 2973 1430 3018 Widerspruch
1454 2973 1520 3006 mit
1543 2975 1626 3014 588,
1652 2972 1794 3006 obwohl
1818 2975 1876 3007 ich
1900 2975 2000 3009 recht
2024 2979 2090 3021 gut
2113 2976 2229 3018 weiss,
2253 2976 2320 3009 wie
2345 2985 2427 3008 man
2451 2975 2498 3008 da
2522 2975 2621 3008 nicht

299 3045 399 3078 παθη
425 3035 579 3069 sondern
607 3033 859 3079 „unterlegt“;
893 3032 1012 3066 feruet
1047 3033 1131 3072 583,
1167 3041 1220 3064 wo
1245 3031 1309 3064 das
1334 3031 1452 3074 νόσφιν
1477 3030 1665 3075 ἀειράσας,
1689 3030 1737 3064 da
1760 3030 1921 3065 Priamos
1946 3032 1994 3065 im
2018 3032 2117 3067 Zelte
2141 3032 2351 3077 gehlieben,
2376 3042 2468 3077 ganz
2492 3032 2619 3066 wider-

299 3093 420 3136 sinnig
444 3092 517 3124 und
543 3092 596 3129 ὡς
615 3093 664 3135 μὴ
692 3089 852 3134 Πρίαμος·
872 3089 939 3122 ἴδοι
963 3089 1036 3122 υἱόν
1060 3098 1128 3120 nur
1151 3088 1231 3121 eine
1256 3088 1429 3120 Variante
1454 3096 1524 3120 von
1548 3087 1655 3120 παῖδα
1680 3086 1762 3121 ἰδών
1787 3090 1853 3121 585
1878 3088 1936 3122 ist.

185 3148 225 3169 **
317 3175 326 3183 .
352 3150 406 3182 16.

157 3152 241 3245 ***))
281 3159 400 3239 gebul.
427 3203 507 3238 594.
535 3206 554 3236 5
602 3202 709 3236 δώσει
734 3203 774 3236 δὲ
800 3201 1009 3235 ἀποθανόντε
1034 3199 1074 3234 δι’
1107 3201 1292 3243 ἐπιταφίων
1318 3200 1371 3237 εἰς
1393 3199 1494 3231 αὐτὸν
1520 3199 1667 3242 ἀγώνων
1694 3201 1729 3233 et
1753 3200 1802 3233 ὅτι
1825 3201 1880 3233 καὶ
1902 3202 1992 3240 μετὰ
2017 3203 2131 3246 ταφὴν
2157 3201 2325 3241 ἀπένεμον
2346 3203 2523 3247 χρήματα.
