2798 3744
1196 130 1245 135 m
1377 104 1410 149 4
1542 128 1592 134 -.

369 228 667 272 Libentissime
705 240 805 271 vero
841 240 922 285 ego
962 228 1119 286 arripui
1154 228 1399 271 facultatem
1426 228 1504 271 tibi
1531 229 1613 271 hoc
1650 228 1720 271 die
1748 227 1910 271 solenni
1946 227 2204 284 collegarum
2233 241 2423 272 meorum
2450 230 2619 272 nomine

169 299 339 354 aliquod
358 297 656 342 munusculum
683 296 884 340 offerendi
911 310 997 340 non
1024 297 1127 338 illud
1158 296 1327 352 quidem
1355 297 1532 353 dignum
1559 301 1632 339 tuo
1659 295 1829 353 ingenio
1858 299 2014 352 tuaque
2042 294 2245 350 doctrina,
2265 300 2311 339 at
2339 297 2451 353 quod
2478 310 2619 341 meum

170 368 217 411 in
244 371 288 410 te
317 366 506 410 animum
534 365 818 423 gratissimum
846 377 1069 421 meumque
1100 363 1282 407 officium
1310 368 1498 408 testetur.
1533 364 1762 421 Nunquam
1790 365 2014 406 evanescet
2041 375 2097 406 ex
2126 363 2268 406 animo
2296 376 2392 407 meo
2420 365 2620 408 memoria

169 436 282 478 illius
321 434 482 477 biennii
519 433 827 485 iucundissimi,
878 446 961 489 quo
1004 432 1107 474 mihi
1144 445 1308 489 quoque
1345 433 1461 474 licuit
1499 433 1543 473 in
1581 432 1802 488 gymnasio
1832 430 2070 474 Vesaliensi
2105 431 2188 473 tuis
2224 431 2421 488 auspiciis
2455 433 2620 476 florenti

170 501 408 545 tirocinium
435 514 596 558 ponere
624 500 806 542 muneris
836 500 1085 542 scholastici.
1134 500 1202 542 Tu
1230 500 1380 556 igitur,
1412 513 1494 556 qua
1524 513 1569 541 es
1609 499 1893 552 humanitate,
1924 511 2033 554 quae
2061 503 2219 555 quanta
2247 499 2301 543 sit
2328 499 2374 540 in
2400 504 2444 541 te
2471 500 2618 542 melius

170 584 239 612 me
267 583 394 612 nemo
423 569 516 624 scit,
536 569 646 611 hanc
675 566 789 608 δόσιν
811 567 948 625 ὀλίγην
980 582 1024 608 τε
1055 567 1175 625 φίλην
1202 582 1246 608 τε
1273 569 1359 610 noli
1388 568 1615 624 aspernari.
1647 567 1870 623 Quumque
1898 580 1975 623 per
2002 568 2155 610 multos
2175 581 2307 610 annos
2326 567 2409 609 tuis
2439 567 2619 625 discipu-

173 640 223 680 lis
254 638 442 680 carmina
470 637 682 679 homerica
709 636 1006 692 interpretatus
1037 637 1093 678 sis
1124 640 1251 691 atque
1278 639 1431 691 poetae
1460 635 1571 678 illius
1598 635 1728 678 divini
1746 635 1965 690 ingenium
1983 634 2249 691 indolemque
2268 634 2428 678 habeas
2453 636 2620 691 cognita

171 711 299 764 atque
327 709 570 764 perspecta,
599 703 712 747 haud
739 703 923 746 alienum
951 703 1054 746 mihi
1083 708 1148 746 est
1177 704 1312 747 visum
1340 703 1417 747 tibi
1445 703 1585 746 dicare
1614 702 1773 760 aliquid
1802 717 1858 745 ex
1886 702 1953 744 his
1983 702 2132 745 studiis
2161 702 2383 746 homericis
2421 707 2483 746 tot
2511 704 2618 747 viro-

172 788 267 818 rum
295 775 515 818 doctorum
543 773 719 831 ingeniis
750 773 968 816 celebratis
997 774 1235 831 repetitum.
1269 773 1365 823 Qua
1392 775 1436 816 in
1466 786 1512 815 re
1542 772 1704 815 confido
1734 776 1781 814 ut
1808 775 1957 826 antea,
1988 785 2118 828 quum
2145 772 2248 814 mihi
2276 776 2416 816 tecum
2443 772 2618 815 familia-

172 845 274 886 riter
302 844 445 887 vivere
474 847 518 886 et
546 847 619 884 tua
647 847 896 897 tuorumque
926 843 1174 884 suavissima
1214 843 1513 884 consuetudine
1543 841 1605 883 uti
1634 841 1795 893 liceret,
1846 840 2195 895 benignissimum
2230 846 2274 883 te
2307 841 2410 883 mihi
2438 841 2617 898 praebu-

171 912 255 965 isti,
285 911 347 954 sic
375 915 419 954 te
446 924 559 953 nunc
587 922 749 967 quoque
779 908 929 951 eadem
957 909 1219 966 indulgentia
1248 909 1300 951 de
1320 923 1388 952 me
1409 913 1534 966 atque
1562 908 1615 950 de
1643 908 1723 950 hac
1752 908 1891 964 opella
1920 907 2211 949 iudicaturum.
2249 909 2364 951 Ante
2392 908 2470 951 hos
2500 909 2616 965 quin-

173 993 257 1036 que
287 992 422 1022 annos
466 978 658 1021 inchoavi
701 978 1096 1019 commentationem
1140 978 1193 1019 de
1231 976 1384 1020 XXIV
1412 977 1557 1019 Iliadis
1596 976 1842 1032 rhapsodia,
1892 990 1988 1018 eam
2028 976 2194 1031 longius
2237 978 2432 1032 persequi
2460 977 2618 1033 tibique

172 1060 366 1089 meorum
396 1047 650 1102 collegartun
679 1045 846 1086 nomine
875 1044 1071 1087 dedicare
1101 1045 1306 1087 constitui.
1336 1045 1639 1087 Demonstrare
1668 1048 1810 1086 autem
1840 1048 2013 1086 conatus
2044 1058 2138 1088 sum
2167 1045 2240 1086 illa
2269 1046 2618 1087 commentatione

174 1115 286 1157 hanc
313 1117 570 1171 postremam
597 1112 742 1154 Iliadis
780 1112 1075 1168 rhapsodiam,
1115 1113 1277 1154 etiamsi
1316 1113 1449 1154 multa
1485 1113 1529 1153 in
1559 1126 1610 1154 ea
1638 1117 1777 1154 essent
1806 1113 1963 1167 optime
1992 1112 2202 1165 instituta,
2240 1117 2383 1154 tamen
2412 1113 2616 1168 antiquio·

175 1182 291 1224 ribus
331 1181 564 1223 carminum
593 1180 895 1222 homericorum
935 1180 1128 1236 partibus
1158 1193 1241 1220 non
1281 1192 1374 1221 esse
1404 1179 1780 1232 adnumerandam3
1828 1180 1954 1235 idque
1994 1193 2124 1235 quum
2161 1180 2253 1221 aliis
2284 1180 2420 1221 causis
2448 1179 2619 1236 probari

175 1262 301 1305 posse
330 1249 491 1305 putavi,
512 1253 603 1289 tum
630 1248 855 1303 plurimum
884 1249 933 1288 iis
963 1247 1231 1289 tribuendum
1260 1261 1352 1289 esse
1382 1248 1545 1299 censui,
1577 1261 1684 1303 quae
1703 1262 1757 1289 ex
1785 1247 1877 1303 ipso
1907 1248 2105 1288 orationis
2134 1261 2290 1302 genere
2309 1251 2436 1303 atque
2458 1248 2618 1290 ratione

178 1320 322 1358 essent
350 1316 567 1372 repetitae.
626 1316 719 1364 Qua
758 1315 926 1370 quidem
956 1315 999 1356 in
1030 1329 1077 1356 re
1105 1328 1174 1357 me
1201 1329 1284 1356 non
1321 1315 1430 1371 fugit
1457 1316 1501 1356 in
1533 1329 1659 1371 quam
1687 1315 1846 1357 lubrica
1884 1319 2011 1370 atque
2041 1314 2199 1357 difficili
2227 1329 2273 1357 re
2301 1327 2455 1368 verser,
2471 1315 2617 1358 nihilo-

173 1385 313 1426 minus
342 1388 418 1426 tua
447 1383 625 1426 confisus
655 1383 914 1439 indulgentia
944 1383 989 1425 in
1019 1383 1199 1426 eundem
1229 1396 1424 1440 campum
1454 1383 1591 1426 denuo
1620 1383 1831 1426 descendi.
1862 1382 1995 1440 Spero
2024 1387 2087 1437 te,
2117 1382 2181 1426 vir
2209 1382 2459 1437 doctissime,
2480 1396 2617 1426 meam

173 1465 347 1509 operam
376 1453 413 1495 si
440 1465 526 1495 non
554 1452 729 1506 utiliter,
759 1456 802 1494 at
832 1465 915 1494 non
945 1466 1116 1509 prorsus
1145 1451 1344 1494 inutiliter
1371 1451 1553 1509 positam
1581 1465 1675 1495 esse
1702 1451 1991 1494 iudicaturum.

379 1554 478 1598 Jam
507 1569 604 1597 vero
633 1559 700 1607 tu,
731 1555 765 1595 si
796 1555 953 1609 placet,
986 1568 1093 1610 quae
1123 1554 1198 1596 tibi
1229 1554 1479 1608 dicavimus,
1510 1555 1604 1611 lege
1634 1555 1816 1611 benigno
1845 1554 1996 1598 animo.
2054 1554 2164 1598 Vale
2193 1567 2353 1610 nosque
2383 1567 2491 1599 ama.

377 1873 427 1915 In
454 1878 665 1930 postrema
695 1874 998 1916 dissertationis
1028 1873 1176 1929 prioris
1206 1877 1325 1928 parte
1354 1874 1549 1929 exemplo
1578 1878 1624 1914 ut
1654 1873 1756 1915 mihi
1787 1873 1954 1929 quidem
1984 1873 2157 1915 videbar
2186 1873 2512 1915 luculentissimo
2543 1873 2615 1916 de-

175 1946 406 1984 monstrare
435 1945 606 1983 conatus
636 1955 730 1983 sum
758 1941 873 1984 haud
902 1955 997 1983 raro
1026 1942 1256 1982 imitatores
1283 1941 1376 1983 illos
1405 1945 1551 1983 vatum
1579 1941 1963 1997 antiquissimorum
1992 1955 2143 1998 pamm
2172 1942 2273 1983 scite
2318 1946 2361 1984 et
2395 1946 2494 1998 apte
2523 1955 2615 1983 ver-

173 2024 244 2050 sus
274 2023 327 2050 ex
356 2009 648 2051 vetustioribus
679 2010 911 2051 carminum
939 2009 1246 2051 homericorum
1282 2009 1473 2065 partibus
1502 2009 1743 2065 depromtos
1782 2009 1826 2050 in
1864 2023 1940 2050 sua
1970 2010 2154 2051 carmina
2190 2011 2410 2066 recepisse.
2471 2009 2617 2052 Liceat

173 2077 275 2118 mihi
305 2077 356 2118 de
385 2077 533 2118 eadem
562 2091 608 2119 re
638 2078 718 2119 hoc
747 2078 838 2119 loco
867 2077 994 2132 paulo
1025 2077 1232 2133 copiosius
1261 2077 1489 2133 disputare.
1519 2076 1624 2118 Dixi
1653 2076 1708 2118 ad
1737 2091 1775 2119 v.
1806 2077 1889 2118 338
1919 2090 1987 2119 me
2017 2077 2306 2120 coniunctione
2336 2078 2407 2120 illa
2437 2076 2615 2134 Πηλειώ-

173 2159 222 2184 να
244 2142 443 2184 δ’ἱκέσθαι
462 2144 628 2187 offendi.
661 2145 817 2187 Contra
848 2145 897 2186 Ο.
928 2144 1087 2200 Jaeger
1115 2149 1240 2186 antea
1267 2143 1546 2197 Meursensis,
1576 2157 1687 2185 nunc
1718 2144 1977 2186 Coloniensis
1993 2145 2032 2198 *)
2062 2146 2233 2201 protulit
2261 2145 2386 2187 haec:
2418 2144 2617 2198 „Uhland

172 2213 246 2253 hat
273 2212 317 2254 in
346 2211 519 2268 Herzog
546 2212 677 2254 Ernst
707 2212 774 2254 die
804 2212 1055 2269 Wendung:
1105 2212 1311 2265 „thronan
1351 2211 1447 2254 dich
1487 2211 1762 2268 schleppen:“
1806 2212 1866 2253 sie
1895 2212 1949 2255 ist
1977 2212 2163 2269 gebildet
2200 2213 2309 2255 nach
2339 2212 2500 2269 bergan
2529 2211 2616 2254 und

171 2280 391 2322 ahnlichen
419 2280 715 2322 Ausdriicken.
766 2281 841 2322 [ch
870 2283 1026 2322 wiisste
1054 2280 1166 2321 mich
1195 2280 1339 2322 keines
1370 2280 1683 2322 Uhland'schen
1712 2280 1813 2322 oder
1842 2281 1949 2322 auch
1980 2282 2167 2324 anderen
2186 2282 2414 2325 Gedichtes
2443 2295 2497 2324 zu
2526 2284 2615 2323 ent·

171 2349 340 2400 sinnen,
370 2362 435 2390 wo
465 2349 540 2390 der
567 2348 795 2391 Ausdruck
823 2349 1004 2390 thronan
1034 2348 1123 2389 sich
1151 2349 1299 2390 fande:
1329 2348 1500 2390 solchen
1528 2347 1769 2404 Beispielen
1796 2349 2039 2405 gegeniiber
2067 2350 2242 2406 gestehe
2270 2350 2361 2404 ich,
2400 2350 2498 2392 dass
2527 2348 2616 2391 sich

171 2417 252 2458 mir
282 2416 356 2458 der
383 2415 549 2458 Beweis
579 2431 655 2459 aus
685 2417 767 2459 den
797 2416 916 2463 ἅπαξ
941 2415 1142 2473 εἰρημένα
1187 2416 1256 2459 bei
1284 2416 1447 2459 Homer
1476 2416 1554 2458 auf
1576 2416 1677 2458 Nun
1706 2416 1924 2461 reducirt.“
2005 2417 2108 2460 Eius
2147 2418 2260 2461 modi
2299 2418 2496 2474 exempla
2525 2417 2617 2459 sine

176 2483 304 2527 dubio
336 2498 391 2527 ex
420 2489 560 2527 nostro
590 2499 780 2528 sermone
808 2485 988 2542 repetita
1018 2485 1145 2527 etiam
1173 2485 1293 2541 plura
1324 2484 1494 2541 congeri
1512 2487 1719 2541 poterant.
1757 2483 1960 2528 Goethius
1982 2485 2151 2542 quidem
2170 2500 2359 2529 summus
2386 2485 2456 2528 ille
2474 2488 2616 2528 noster

171 2556 298 2608 poeta
329 2552 470 2608 aliquo
499 2552 589 2594 loco
620 2553 802 2609 scripsit:
851 2553 1039 2606 hausan,
1071 2553 1182 2608 quod
1211 2566 1311 2594 num
1341 2553 1433 2609 quis
1462 2556 1631 2608 praeter
1659 2565 1756 2594 eum
1785 2552 1966 2606 habeat,
2007 2554 2165 2596 dubito.
2224 2555 2284 2596 At
2313 2554 2366 2596 de
2395 2567 2441 2596 re
2468 2566 2616 2596 vereor

169 2634 223 2662 ne
252 2633 405 2676 parum
434 2624 556 2661 caute
585 2624 710 2675 atque
740 2621 1001 2663 considerate
1030 2620 1275 2662 iudicaverit
1302 2621 1365 2662 vir
1394 2620 1670 2662 doctissimus.
1701 2619 1910 2676 Equidem
1938 2626 2028 2662 tum
2057 2621 2189 2664 tribus
2219 2621 2358 2664 verbis
2388 2621 2498 2663 hanc
2525 2634 2615 2663 rem

166 2687 485 2744 transigendam
513 2700 650 2744 neque
679 2689 911 2731 accuratius
942 2688 1213 2731 indicandum
1242 2701 1334 2731 esse
1364 2688 1490 2742 duxi,
1541 2687 1640 2744 quid
1670 2692 1807 2742 esset,
1857 2702 1938 2745 quo
1969 2690 2073 2734 {mea
2111 2690 2317 2733 dubitatio
2347 2689 2612 2732 excitaretur.

167 2756 398 2813 Nunquam
438 2755 548 2798 hanc
586 2756 836 2800 locutionem
881 2757 990 2800 inter
1028 2757 1100 2798 illa
1141 2756 1212 2797 ἅπ.
1244 2757 1290 2797 εἶ.
1328 2757 1635 2799 numerandam
1679 2769 1772 2799 esse
1811 2757 2015 2800 contendi.
2075 2759 2178 2808 Quis
2208 2759 2367 2801 nesciat
2397 2771 2492 2799 cum
2520 2770 2613 2814 per-

168 2825 311 2867 multis
341 2823 555 2866 vocabulis
585 2825 831 2881 particulam
869 2825 1103 2867 encliticam
1145 2824 1193 2866 δε
1238 2826 1501 2867 coniunctam
1540 2824 1653 2880 apud
1682 2824 1914 2867 Homerum
1944 2827 2134 2868 inveniri.
2202 2827 2356 2868 Confer
2393 2826 2429 2867 si
2456 2825 2613 2881 placet:

167 2891 376 2950 ἀγρόνδε,
408 2891 686 2947 Αἴγυπτόνδε,
719 2892 914 2947 ἄιδοσδε,
955 2892 1105 2942 ἅλαδε,
1149 2892 1325 2947 ἄστυδε,
1363 2892 1642 2947 βούλωτόνδε,
1690 2892 1789 2933 ὅνδε
1829 2892 2032 2949 δόμονδε,
2074 2894 2277 2949 δόμονδε,
2326 2891 2611 2952 Δουλξῖιόνδε,

170 2959 410 3020 θρῄκηνδε.
452 2960 731 3019 ἡμέτερόνδε,
774 2961 1033 3011 ὃάνατόνδε,
1071 2960 1284 3011 θῶκόνδε,
1316 2961 1555 3020 Ἰθάκηνδε,
1595 2961 1819 3019 κλισίηνδε.
1863 2962 2102 3021 Κρήτηνδε,
2136 2963 2381 3021 Κόπρονδε.
2420 2961 2610 3020 λέχοςδε,

166 3028 390 3087 Λυκίηνδε,
426 3029 690 3085 μέγαρόνδε,
730 3030 917 3081 οἶκόνδε,
965 3030 1255 3076 Οὐλυμπόνδε,
1293 3030 1589 3088 Παρυησόνδε,
1628 3030 1840 3079 πεδίονδε,
1883 3031 2085 3079 πέδονδε,
2128 3032 2312 3074 πόλινδε.
2360 3029 2610 3085 ποταμόνδε,

228 3177 262 3220 ¹⁸¹)
310 3178 431 3214 Ueber
455 3178 515 3214 die
540 3177 648 3213 Stelle
675 3179 716 3215 ll.
747 3180 795 3214 Vl
824 3182 888 3214 168
915 3179 986 3215 und
1012 3179 1113 3215 ihren
1139 3179 1266 3215 Werth
1290 3177 1350 3218 nir
1375 3180 1432 3216 die
1456 3180 1602 3226 Lcsung
1626 3180 1689 3216 der
1713 3179 1849 3218 homer.
1874 3180 2000 3228 Frage.
2050 3181 2169 3219 Moers
2196 3181 2297 3220 1863.
2345 3180 2469 3227 Progr.
2497 3190 2533 3226 p.
2560 3181 2613 3215 15.

310 3238 416 3270 Anm.
444 3237 475 3271 7.
