2798 3744
1218 108 1610 158 ,19-

183 256 211 281 α
244 242 320 284 141
355 238 529 294 δαιτρὸς
558 236 614 278 δὲ·
638 239 790 293 κρειῶν
823 229 997 282 πίνακας
1028 235 1270 293 παρέθηκεν
1292 254 1344 273 =
1367 234 1395 277 δ
1423 236 1506 290 57;
1537 250 1564 276 α
1587 235 1668 278 192
1695 233 1861 291 βρῶσίν
1883 247 1928 276 τε
1947 233 2086 294 ’πόσιν
2109 249 2155 277 τε
2184 234 2415 292 παρτιθεῖ,
2436 234 2537 280 665
2568 237 2648 277 νῶ-

185 321 235 347 τα
262 306 372 360 βοὸς
401 305 519 362 παρὰ
558 305 678 346 πίονα
720 303 872 362 θῆκεν,
917 318 939 346 ε
972 305 1051 348 196
1093 303 1232 362 νύμφη
1282 302 1450 345 δ’ἐτίθει
1491 302 1607 360 πάρα
1637 304 1776 344 πᾶσαν
1817 300 2013 360 ἐδωδήν,
2062 303 2145 345 199
2183 303 2235 360 τῇ
2264 301 2316 344 δὲ
2344 305 2445 360 παρ’
2486 303 2648 361 ἀμβρο-

182 375 273 432 σίην
313 373 453 430 δμωαὶ
492 374 559 414 καὶ
609 373 761 428 νέκταρ
802 371 984 430 ἔθηκαν,
1036 372 1062 419 ξ
1102 374 1185 413 248
1218 372 1303 428 πὰρ
1352 370 1462 428 δ’ἄρ’
1508 370 1709 429 Ὀδυσσῆι
1749 368 1906 413 ἔθεσαν
1952 369 2118 427 βρῶσίν
2167 383 2214 411 τε
2254 369 2371 413 πόσιν
2400 386 2489 427 τε,
2539 387 2563 414 ο
2592 373 2648 416 76

184 444 374 498 ὀπτήσας
416 442 545 496 δ’ἄρα
587 443 722 481 πάντα
762 440 909 495 φέρων
955 439 1163 496 παρέθηκ’
1203 439 1395 496 ’(Ιδυσῆι,
1454 454 1477 476 ο
1507 441 1590 479 506
1646 438 1792 494 ἠῶθεν
1837 437 1888 478 δέ
1933 452 2003 478 κεν
2053 437 2175 494 ὔμμιν
2225 437 2486 495 ὁδοιπόριον.
2512 427 2658 497 παρα)

184 510 332 566 θειῇαην
363 514 373 563 ’ξ
392 540 403 562 ,
452 508 559 549 δαῖτ’
589 507 755 563 ἀγαθὴν
804 511 955 562 κρειῶν
998 522 1041 547 τε
1089 508 1157 546 καὶ
1206 506 1318 547 οἴνου
1361 506 1587 563 ἡδυπότοιο
1603 538 1614 559 ,
1671 520 1701 546 π
1736 508 1791 547 49
1827 508 1979 562 κρειῶν
2030 506 2204 551 πίνακας
2243 505 2461 563 παρέθηκε
2509 508 2646 562 συβώ·

184 591 259 633 της
286 582 297 631 311
328 575 566 629 ὀπταλέων,
607 591 638 631 ρ
677 577 759 617 258
802 576 861 631 τῷ
902 574 1018 630 παρὰ
1048 574 1128 629 μὲν
1169 577 1319 631 κρειῶν
1355 576 1511 630 μοῖραν
1562 573 1697 614 θέσαν
1743 574 1794 616 cf.
1828 589 1850 615 υ
1881 576 1986 629 281,
2031 589 2059 614 σ
2088 575 2169 616 118
2219 574 2256 614 οἱ
2290 574 2477 632 μεγάλην
2529 576 2647 633 παρὰ

181 645 371 700 γαστέρα
422 644 573 701 θῆκεν,
626 646 708 686 120
756 642 916 698 ἄρτους
956 643 1001 683 ἐκ
1047 643 1213 683 κανέοιο
1254 641 1343 682 δύω
1395 642 1655 700 παρέθηκεν,
1689 659 1711 684 υ
1742 645 1828 686 260
1867 643 1953 700 πὰρ
1984 641 2153 684 δ’έτίθει
2192 643 2441 702 σπλάγχνων
2475 643 2645 700 μοίρας.

178 714 221 755 Α
252 728 336 769 qua
381 713 682 756 consuetudine
730 726 838 753 unus
888 712 1036 763 modo,
1090 712 1171 752 nisi
1214 712 1355 763 fallor,
1406 712 1521 753 locus
1565 712 1724 753 recedit
1776 711 1808 751 Θ
1840 713 1930 753 188.
1976 710 2066 767 ὑμῖν
2112 710 2198 766 πὰρ
2245 711 2487 767 προτέροισι
2532 712 2645 766 μελί-

181 796 322 837 φρονα
355 781 489 836 πυρὸν
521 778 672 836 ἔθηκεν
705 804 756 810 -
790 778 814 835 ἢ
847 777 950 833 ἐμοί,
982 779 1052 834 qui
1083 779 1199 821 locus
1229 779 1308 820 hac
1346 779 1439 833 ipsa
1470 779 1784 833 comparatione
1814 778 2131 821 excusationem
2159 777 2305 822 habet.
2363 779 2421 821 Et
2450 780 2646 836 exempla

176 847 294 891 verbi
328 846 609 903 παραβάλλειν
640 846 772 889 habes
802 846 930 889 haee:
973 846 1010 887 Ιζ
1037 847 1120 888 369
1152 846 1267 901 παρὰ
1299 844 1572 901 δ’ἀμβρόσιον
1600 844 1731 898 βάλεν
1762 844 1885 902 εἶδαρ
1915 847 1955 887 Ν
1978 848 2055 899 35,
2106 845 2138 887 Θ
2167 847 2252 888 504
2282 848 2398 904 παρὰ
2429 846 2477 888 δὲ
2507 847 2646 903 σφίσιν

175 915 338 968 βάλλετ’
371 914 561 970 ἐδωδήν,
604 913 631 953 δ
660 916 710 955 41
747 914 832 968 πὰρ
879 912 1074 966 δ’ἔβαλον
1107 914 1238 966 ζειάς,
1288 927 1433 956 omnes
1470 913 1514 954 hi
1553 913 1632 955 loci
1662 914 1715 955 de
1752 914 1893 969 equis3
1943 929 1966 953 κ
1996 915 2078 955 242
2122 914 2208 969 πάρ
2234 914 2430 970 ῥ’ἄκυλον
2457 915 2645 969 βάλανόν

181 981 369 1038 τ’ἔβαλεν
400 982 563 1039 καρπόν
597 997 639 1024 τε
669 982 866 1040 κρανείης
894 982 1017 1025 sociis
1052 982 1186 1025 Ulixis
1217 982 1259 1023 in
1289 995 1385 1023 sues
1416 982 1599 1024 mutatis.

386 1054 470 1094 428
511 1052 570 1108 τῷ
601 1051 637 1091 οξ
668 1050 960 1107 ἀπεμνήσαντο
990 1051 1056 1091 καὶ
1088 1049 1132 1091 ἐν
1164 1048 1362 1090 θανάτοιό
1396 1064 1475 1105 περ
1507 1048 1626 1106 αἴσῃ,
1653 1049 1732 1091 hoe
1763 1050 2040 1105 compositum
2068 1050 2111 1093 h.
2141 1055 2306 1093 tantum
2335 1051 2449 1106 loco,
2480 1056 2645 1109 praete-

181 1135 255 1163 rea
286 1121 402 1176 apud
418 1120 656 1162 Hesiodum
671 1120 831 1174 Theog.
856 1121 939 1160 503
970 1119 1015 1159 οἳ
1038 1119 1074 1158 οἱ
1106 1117 1399 1174 ἀπεμνήσαντο
1424 1117 1554 1175 χάριν
1585 1117 1881 1173 εὐεργεσιάων.
1913 1117 2057 1174 Atque
2077 1118 2175 1161 huic
2204 1118 2244 1160 ἁ.
2276 1117 2323 1159 εἲ.
2353 1119 2398 1160 in
2417 1119 2498 1161 hac
2518 1120 2645 1176 rhap-

181 1189 300 1231 sodia
330 1202 433 1230 sane
463 1188 620 1243 aliquid
651 1187 917 1229 tribuendum
948 1200 1041 1228 esse
1073 1199 1234 1228 censeo.
1295 1185 1541 1228 Sexcenties
1580 1185 1667 1227 fere
1697 1184 1826 1228 verbo
1856 1185 2033 1242 simplici
2062 1199 2163 1228 usus
2194 1191 2257 1229 est
2285 1185 2520 1240 Homerus,
2565 1187 2646 1230 hoe

181 1248 410 1311 composito
442 1268 663 1309 nusquam.
710 1256 794 1295 440
825 1268 916 1310 sqq.
948 1259 1090 1306 cento,
1122 1255 1164 1294 in
1194 1267 1278 1294 una
1307 1258 1452 1294 tamen
1482 1267 1547 1307 re,
1580 1266 1706 1309 quam
1735 1257 1877 1295 noster
1905 1254 2097 1305 novavit,
2127 1254 2181 1295 ab
2211 1253 2412 1297 homerici
2440 1256 2645 1297 sermonis

180 1323 480 1364 consuetudine
511 1323 733 1376 discrepat.
793 1322 1014 1376 Nusquam
1045 1323 1126 1362 nisi
1155 1322 1194 1362 h.
1229 1323 1253 1360 1.
1284 1322 1472 1362 invenies
1513 1322 1690 1362 verbum
1719 1321 1928 1360 α’ναίσσειν
1970 1334 2065 1362 cum
2095 1323 2333 1363 accusativo
2363 1323 2643 1376 coniunctum,

178 1389 373 1431 omnibus
404 1389 496 1430 aliis
527 1389 651 1440 locis,
684 1389 755 1442 qui
787 1394 885 1430 sunt
914 1390 1134 1442 permulti,
1166 1389 1357 1429 absolute
1387 1393 1433 1428 ut
1463 1388 1581 1428 aiunt
1611 1392 1675 1428 est
1704 1389 1899 1442 positum.
1959 1389 2084 1436 Quod
2113 1390 2213 1444 quin
2243 1390 2392 1429 eadem
2433 1390 2487 1430 de
2517 1403 2644 1429 causa

177 1456 231 1500 sit
260 1456 439 1509 factum,
490 1471 573 1512 qua
614 1471 741 1498 causa
780 1456 1009 1498 adductum
1047 1456 1158 1498 hunc
1196 1461 1365 1511 poetam
1397 1457 1565 1511 saepius
1605 1456 1660 1497 ab
1690 1456 1900 1498 homerico
1931 1458 2154 1499 verborum
2183 1471 2262 1498 usu
2293 1457 2521 1498 abductum
2550 1471 2643 1498 esse

177 1525 376 1577 vidimus,
427 1524 530 1566 mihi
561 1524 730 1579 quidem
762 1523 935 1566 dubium
976 1538 1060 1565 nou
1094 1528 1181 1577 ¹est.
1243 1523 1591 1565 Obversabantur
1620 1523 1689 1565 hic
1728 1524 1817 1565 eius
1847 1524 2019 1566 auribus
2049 1539 2195 1566 versus
2227 1525 2398 1579 quidam
2428 1524 2641 1575 homerici,

177 1605 280 1648 quos
311 1605 409 1633 suos
440 1591 578 1633 facere
608 1604 693 1633 non
724 1591 942 1632 dubitavit.
974 1590 1026 1632 V.
1059 1593 1137 1633 441
1181 1590 1373 1632 invenies
1403 1590 1440 1632 P
1472 1592 1579 1644 482,
1628 1605 1666 1632 v.
1698 1592 1781 1632 442
1820 1605 1966 1647 parva,
1995 1605 2079 1647 qua
2108 1591 2149 1632 h.
2170 1591 2196 1633 l.
2237 1605 2342 1648 opus
2373 1596 2475 1644 erat,
2506 1596 2642 1633 muta-

175 1661 289 1701 tione
319 1659 432 1701 facta
463 1659 691 1714 depromsit
722 1672 775 1700 ex
809 1659 844 1699 Ι)
868 1660 962 1699 456.
1014 1658 1084 1699 Ad
1115 1672 1161 1698 v.
1196 1659 1279 1699 440
1309 1658 1360 1699 cf.
1397 1660 1427 1697 (Ι
1461 1659 1540 1701 106
1572 1662 1614 1699 et
1646 1673 1665 1697 ν
1699 1659 1780 1699 198
1811 1661 1889 1715 στῆ
1920 1657 2017 1715 δ’ἄῤ
2048 1657 2245 1710 α’ναίξας,
2278 1659 2334 1701 ad
2363 1660 2540 1701 alterum
2570 1660 2642 1701 he-

176 1727 432 1770 mistichium
472 1725 512 1767 Ψ
524 1728 607 1769 334
639 1727 697 1782 τῷ
719 1725 768 1767 σὺ
785 1725 882 1780 μάλ’
915 1724 1156 1782 ἐγχρίμψας
1186 1724 1310 1766 ἐλάαν
1343 1725 1497 1781 σχεδὸν
1529 1726 1646 1781 ἅρμα
1667 1727 1734 1766 καὶ
1752 1725 1922 1771 ἵππους.
1954 1727 1992 1768 Ε
2014 1728 2164 1783 quibus
2185 1729 2374 1770 versibus
2394 1733 2441 1769 ut
2460 1729 2644 1770 efficeret

176 1809 321 1850 unum,
352 1795 460 1837 hane
490 1808 643 1837 novam
674 1793 1024 1837 constructionem
1055 1807 1181 1849 quam
1211 1794 1337 1849 vulgo
1368 1798 1519 1836 vocant
1549 1794 1817 1850 excogitavit.

382 1865 466 1904 444
525 1863 562 1902 οἱ
607 1861 656 1902 δὲ
703 1861 796 1902 νέον
843 1862 938 1916 περὶ
983 1860 1124 1916 δόρπα
1156 1861 1422 1917 φυλακτῆρες
1454 1860 1664 1903 πονέοντο.
1726 1862 1929 1904 Offendor
1957 1863 2110 1917 plurali
2140 1862 2292 1918 δόρπα.
2350 1864 2500 1919 Neque
2530 1866 2642 1906 enim

179 1930 370 1972 vocabuli
404 1928 571 1971 δεῖπνον
603 1943 741 1985 neque
773 1927 942 1984 ἄριστον
975 1928 1105 1984 (quod
1137 1928 1303 1984 quidem
1334 1928 1399 1969 bis
1430 1928 1554 1970 modo
1585 1929 1739 1984 legitur
1767 1927 1805 1969 Ω
1835 1930 1936 1982 124,
1969 1943 1999 1969 π
2026 1931 2070 1983 2)
2100 1944 2238 1986 neque
2268 1930 2427 1986 δόρπον
2456 1932 2642 1975 invenies

176 1998 381 2053 pluralem
412 1997 527 2053 apud
551 1997 800 2038 Homerum.
831 1997 1091 2051 Repugnare
1121 1996 1314 2037 videntur
1345 2001 1387 2038 et
1415 1997 1450 2037 is
1472 2009 1596 2051 quem
1616 1996 1741 2038 modo
1771 1997 1891 2038 attuli
1930 2000 1973 2039 et
2001 1996 2044 2038 hi
2074 1997 2173 2039 loci:
2205 1998 2227 2037 Ι
2251 2000 2304 2040 65
2338 1997 2421 2039 ἄλλ’
2450 1999 2539 2056 ἦτοι
2571 2002 2642 2040 νῦν

170 2064 249 2117 μὲν
279 2064 527 2118 πειθώμεθα
551 2065 661 2104 νυκτὶ
686 2063 862 2119 μελαίνῃ
935 2062 1076 2117 δόρπα
1111 2063 1140 2102 τ’
1173 2062 1528 2117 ἐφοπλισόμεσθα,
1560 2063 1687 2104 iidem
1707 2077 1852 2105 versus
1889 2063 1920 2104 Θ
1949 2065 2046 2105 502.
2078 2065 2118 2107 3.
2149 2069 2191 2106 et
2220 2065 2309 2107 [88
2341 2064 2447 2107 ἔνθα
2478 2066 2527 2107 δὲ
2559 2069 2641 2123 πῦρ

173 2132 339 2187 κήαντο,
360 2131 521 2172 τίθεντο
553 2130 602 2171 δὲ
633 2130 775 2186 δόρπα
810 2130 1000 2175 ἕκαστος.
1031 2130 1173 2185 Atque
1203 2131 1280 2171 hoc
1311 2131 1479 2186 quidem
1510 2131 1600 2172 loco
1631 2131 1763 2173 habes
1793 2131 1836 2172 in
1865 2131 1994 2175 schol.
2026 2131 2208 2186 δόρπονε
2238 2133 2508 2191 Ἀρίσταρχος
2531 2135 2641 2189 μετὰ

176 2201 245 2240 τοῦ
277 2201 309 2240 ἆ
336 2198 477 2254 δόρπα
509 2199 682 2255 eiusque
713 2199 1007 2241 auctoritatem
1038 2198 1079 2239 h.
1103 2199 1128 2238 l.
1159 2199 1337 2240 editores
1359 2198 1449 2241 iure
1469 2213 1544 2241 suo
1565 2204 1662 2241 sunt
1682 2200 1826 2241 secuti.
1856 2200 1917 2240 At
1943 2200 2109 2241 illorum
2129 2200 2275 2242 Iliadis
2305 2202 2504 2256 locorum,
2536 2217 2640 2258 quos

175 2267 298 2308 modo
328 2267 505 2322 protuli,
557 2267 640 2308 (luo
680 2267 847 2323 repetiti
877 2271 975 2307 sunt
1005 2279 1057 2306 ex
1091 2266 1309 2321 Odyssea,
1360 2267 1401 2325 in
1434 2280 1516 2322 qua
1546 2281 1763 2323 nunquam
1791 2281 1875 2308 non
1906 2267 2142 2322 singularis
2168 2272 2231 2310 est
2259 2270 2433 2325 positus.
2497 2270 2560 2312 Cf.
2606 2271 2641 2311 si

173 2336 309 2390 placet
349 2350 379 2388 μ
412 2336 508 2376 291.
542 2337 580 2376 2.
618 2334 795 2392 ἀλλ’ἧτοι
828 2336 898 2374 νῦν
924 2333 1005 2388 μὲν
1040 2332 1285 2387 πειθώμεθα
1319 2335 1429 2374 νυκτὶ
1453 2334 1626 2391 μελαίνῃ
1673 2338 1683 2371 1¹
1734 2333 1894 2390 δόρπον
1936 2333 2265 2390 θ’ὑπλισόμεσθα
2304 2335 2386 2393 θοῇ
2430 2338 2545 2393 παρὰ
2577 2338 2646 2395 νηῒ

170 2402 402 2456 μένοντες,
434 2402 669 2443 δ529.574
700 2403 861 2459 δόρπον
894 2401 1210 2456 θ’ὃπλισ(ι’,ιιεσθ’
1243 2401 1308 2441 ἐπί
1338 2401 1528 2459 τ’ἢλυθεν
1560 2401 1771 2460 ἀμβροσίη
1803 2401 1888 2449 νύξ.
1930 2402 2028 2445 Jam
2058 2403 2093 2445 Si
2124 2404 2508 2460 quis'contenderit
2538 2405 2640 2450 duo-

179 2472 258 2512 bus
288 2471 369 2512 illis
398 2471 543 2513 Iliadis
572 2473 673 2513 locis
704 2471 969 2514 scribendum
1000 2483 1093 2512 esse
1116 2469 1273 2525 δόρπον
1305 2469 1633 2524 δ’όπλισόμεσθα
1663 2470 1722 2512 nil
1750 2483 1968 2526 repugno,
2001 2485 2129 2526 quum
2159 2472 2248 2515 sine
2278 2473 2406 2516 dubio
2436 2474 2641 2517 leviuscu-

181 2540 248 2581 lae
278 2539 484 2581 eiusmodi
514 2541 765 2582 mutationes
796 2539 919 2582 facile
948 2542 1123 2595 possent
1153 2538 1334 2592 admitti3
1366 2542 1410 2580 at
1439 2542 1581 2580 nostro
1612 2538 1702 2581 loco
1733 2542 1775 2581 et
1795 2537 1817 2580 I
1838 2539 1892 2581 88
1922 2538 1993 2581 illa
2013 2541 2188 2583 mutatio
2219 2541 2357 2584 locum
2385 2556 2470 2585 non
2497 2542 2639 2596 habet,

181 2621 393 2664 quumque
422 2607 446 2649 I
472 2609 526 2649 88
557 2608 764 2650 artissime
795 2608 1019 2650 cohaereat
1049 2621 1144 2649 oum
1174 2621 1200 2649 v
1231 2609 1297 2657 66,
1327 2606 1430 2648 mihi
1461 2607 1631 2662 quidem
1661 2606 1924 2648 verisimilius
1954 2611 2018 2649 est
2047 2607 2105 2649 ibi
2135 2623 2300 2665 quoque
2330 2611 2536 2666 pluralem
2565 2627 2639 2668 po-

181 2677 307 2717 situm
339 2675 482 2717 fuisse.
526 2675 723 2718 Ceterum
752 2675 994 2718 Diintzerus
1024 2676 1068 2717 in
1098 2675 1343 2717 Aristarcho
1374 2680 1507 2717 totum
1538 2675 1655 2716 illum
1685 2675 1823 2716 locum
1854 2675 1875 2716 I
1897 2677 2064 2717 66—90
2094 2677 2278 2733 itemque
2312 2678 2344 2719 Θ
2370 2680 2453 2721 503
2482 2680 2639 2735 rejecit.

182 2744 223 2786 [s
255 2758 356 2786 vero
387 2748 536 2799 poeta,
583 2743 654 2799 qui
684 2747 941 2799 postremam
981 2743 1129 2785 Iliadis
1159 2743 1428 2798 rhapsodiam
1461 2743 1718 2798 composuit,
1770 2756 1896 2797 quum
1927 2743 2089 2799 syllaba
2119 2744 2236 2787 brevi
2266 2759 2372 2801 opus
2403 2752 2535 2800 esset,
2585 2748 2639 2789 ab

176 2812 256 2854 hoc
286 2810 572 2868 antiquiorum
601 2812 823 2868 poetarum
852 2824 931 2854 usu
961 2810 1144 2854 recessit.
1977 2813 1981 2816 ’

380 2881 463 2920 459
525 2878 575 2925 ἐξ
601 2879 734 2919 ἵππων
766 2878 996 2933 ἀπέβαινεν
1028 2878 1094 2919 ἐπὶ
1118 2877 1261 2936 χθόνα
1292 2877 1489 2936 φώνησέν
1523 2891 1579 2919 τε.
1641 2877 1988 2921 Obversabantur
2027 2879 2124 2924 huie
2152 2894 2299 2924 versus
2329 2882 2458 2925 veluti
2491 2880 2531 2924 Γ
2556 2883 2638 2926 265

175 2947 225 2993 ἐξ
252 2947 387 2987 ἵππων
420 2946 660 2999 ἀποβάντες
690 2945 756 2986 ἐπὶ
789 2946 933 3004 χθόνα
965 2946 1316 3002 πουλυβότειραν,
1365 2947 1432 2989 vel
1468 2947 1500 2987 Θ
1534 2947 1619 2988 492
1670 2945 1721 2992 ἐξ
1746 2945 1880 2987 ἵππων
1911 2946 2194 3002 δ’ἀποβάντες
2234 2948 2300 2990 ἐπὶ
2328 2949 2471 3007 χθόνα
2497 2948 2638 3005 μῦθον

175 3014 343 3056 ἄκουον.
387 3014 511 3064 Quod
540 3014 620 3057 hoc
649 3019 815 3057 tantum
845 3016 937 3058 loco
966 3015 1104 3058 forma
1142 3014 1259 3057 verbi
1289 3013 1531 3068 ἀποβαίνειν
1558 3027 1584 3055 a
1613 3015 1824 3069 praesenti
1853 3015 1920 3058 vel
1948 3015 2153 3059 infinitivo
2182 3018 2416 3074 praesentis
2445 3018 2638 3061 derivata

174 3084 408 3134 invenitur,
440 3083 479 3123 ei
509 3083 570 3123 rei
599 3082 703 3123 nihil
734 3084 789 3124 sit
817 3084 1101 3126 tribuendum.

379 3150 451 3192 Ad
480 3165 519 3191 v.
580 3151 666 3191 460
694 3146 878 3192 Faesius
919 3151 962 3191 in
1003 3164 1055 3192 ea
1085 3163 1212 3206 quam
1241 3150 1420 3191 instituit
1448 3149 1595 3191 Iliadis
1625 3149 1806 3193 editione
1842 3151 1885 3193 in
1915 3164 2010 3194 eam
2039 3152 2269 3210 disputavit
2297 3153 2562 3207 sententiam,
2592 3157 2640 3196 ut

175 3219 351 3260 diceret:
396 3223 484 3260 tam
514 3232 715 3275 expresse
745 3219 849 3260 alias
881 3219 995 3275 apud
1015 3218 1253 3261 Homerum
1284 3219 1409 3261 deum
1439 3231 1494 3259 ne
1524 3217 1750 3260 abeuntem
1781 3219 1950 3276 quidem
1979 3221 2218 3279 significare
2249 3222 2320 3279 qui
2340 3225 2452 3265 esset
2487 3229 2639 3274 (unum
